3070 4720
703 201 910 264 ..50...

295 411 298 416 ·
385 361 558 478 Coiiosque
584 411 696 454 omnes
723 392 874 455 brevibus
899 395 1051 474 optantis
1065 395 1226 458 'vestibus
1252 396 1352 459 induti
1378 389 1385 396 “

362 518 481 580 saltare
506 517 651 599 gestiunt
662 505 702 594 ¹).
814 525 816 530 '

385 660 477 742 Dies,
503 677 564 739 quo
597 657 658 719 hoo
686 656 910 719 matrimonium
936 666 1052 737 paetus
1078 676 1139 741 es,
1172 677 1234 719 non
1260 659 1354 722 desiit

360 777 539 841 hominibus
575 777 679 840 festus
705 794 783 836 osse
809 773 897 858 dies,
938 791 1031 852 quem
1067 773 1219 836 laetitiae'
1242 773 1353 840 festum

363 904 530 958 vocarunt.
606 897 610 906 '

387 1036 481 1117 Quod
515 1043 544 1100 si
582 1056 691 1098 eorum
718 1036 834 1098 festum
861 1037 935 1097 luna
967 1036 1094 1120 caruit,
1127 1037 1224 1098 uniri
1252 1037 1351 1098 facies

361 1157 467 1220 lucida
492 1156 522 1216 ei
548 1155 623 1216 luna
649 1153 720 1215 fuit.

387 1297 467 1360 Eius
492 1295 604 1376 (festi)
633 1305 769 1376 aspectu
789 1260 951 1378 delectati,
967 1294 1064 1356 timidi
1086 1306 1190 1358 tamen
1217 1315 1353 1357 revere-

360 1416 487 1499 bantur,
513 1415 627 1477 oculos
654 1413 899 1494 (admiratione)
937 1420 970 1474 et
996 1420 1130 1492 pectora
1155 1414 1251 1474 simul
1278 1413 1351 1492 (re-

247 1531 249 1539 ’
361 1531 525 1611 verentia)
552 1531 712 1612 implebat.
1148 1497 1150 1502 Ι

386 1673 466 1734 'l'am
491 1671 611 1734 urbium
637 1691 730 1752 quom
757 1670 953 1736 desertorum
979 1671 1100 1736 incolas
1128 1672 1250 1754 tJttudio⁴
1277 1693 1349 1752 por-

362 1787 453 1874 fudit,
481 1789 584 1852 doueo
605 1809 663 1851 eos
692 1801 960 1874 praetergressus
986 1791 1209 1870 sepulcrorum
1234 1790 1352 1851 incolas

362 1907 464 1987 petiit.

386 2050 445 2113 uis
473 2051 702 2129 vita-reddidit
732 2058 764 2111 et
791 2051 850 2110 nisi
887 2051 945 2110 Dei
980 2057 1085 2108 metus
1118 2047 1245 2132 fuisset,
1280 2059 1354 2113 ante

363 2166 445 2230 diem
476 2166 724 2228 resurrectionis
751 2161 982 2226 surrexissent.

266 2297 270 2302 ’
387 2301 440 2364 Ne
465 2303 546 2384 roga
572 2296 612 2358 de
648 2295 793 2358 hostibus
829 2293 905 2386 tuiS,
933 2294 985 2355 ubi
1012 2303 1195 2379 morentur,
1229 2296 1354 2360 iamiam

361 2423 580 2500 pervenerunt
605 2411 646 2474 ad
672 2413 774 2474 Deum
800 2411 987 2475 clementem
1003 2412 1182 2492 sapientem
1207 2411 1271 2489 (sc.
1292 2432 1352 2492 po-

361 2531 508 2610 rierunt.)

385 2661 488 2726 Halob
516 2659 629 2723 aminis
649 2664 762 2726 hortus
779 2671 832 2726 est
849 2625 1005 2748 Paradisi,
1021 2662 1150 2744 perfidis
1177 2663 1260 2748 ignis
1279 2661 1352 2728 Go-

360 2781 496 2848 bennae.

263 2899 309 2962 25
385 2896 551 2987 Minimum
588 2900 736 2980 quodque
775 2906 806 2962 in
838 2919 875 2960 eo
911 2916 1062 2980 magnum
1094 2907 1146 2959 est
1185 2917 1262 2977 prae
1299 2919 1350 2985 eo,

360 3013 445 3096 quod
473 3023 525 3076 est
550 3015 623 3076 alibi
649 3017 831 3115 maximum.

383 3153 491 3216 Kuaik
516 3153 635 3216 fluvius
668 3156 699 3215 in
730 3157 876 3240 opinione
901 3155 1062 3218 hominum
1100 3178 1186 3220 maro
1218 3168 1282 3245 est,
1318 3170 1352 3222 et

359 3269 486 3352 lapillus
502 3289 558 3332 rex
577 3289 616 3330 eo
642 3271 780 3336 'l'habiro
804 3278 904 3337 monti
926 3272 1040 3334 similis
1052 3265 1092 3351 ³).

312 3611 344 3700 ⁴)
372 3618 658 3684 Colles‘brevibus
683 3619 743 3680 sub
759 3617 847 3678 veris
867 3615 988 3678 initium
1001 3615 1108 3678 herbis
1122 3615 1265 3677 virentes
1279 3633 1351 3678 oum

265 3718 472 3794 saltatoribus
499 3728 673 3801 comparat,
693 3721 745 3798 qui
772 3717 872 3779 curtis
892 3716 1040 3797 vestibus
1061 3716 1106 3777 nti
1131 3716 1242 3778 solent.

312 3833 344 3925 ²)
370 3841 477 3905 Kuaik
515 3863 637 3924 parvus
660 3854 712 3906 est
747 3841 886 3923 florina,
913 3838 997 3919 apud
1026 3858 1117 3920 quem
1143 3838 1245 3900 Haleb
1275 3829 1351 3903 urbs

264 3944 372 4026 posita
397 3952 459 4006 ost.
486 3943 604 4008 Thebis
625 3952 676 4006 est
691 3961 780 4006 moos
804 3940 955 4002 excelsus
978 3939 1146 4002 admodum
1165 3957 1227 4000 non
1241 3948 1352 4021 proout

266 4061 285 4106 a
315 4045 430 4106 Meoca
456 4043 620 4106 Orientem
644 4061 774 4104 versus.
