3056 4724
513 283 824 346 ,1—-17-

183 464 282 530 liulul
322 465 524 548 imperatoris
559 467 625 532 lilia
664 479 792 558 nuptias
820 437 1116 562 'eol'epitbalarnlo
1144 499 1283 570 videtur

95 580 98 583 ”
183 581 353 648 Abul-Ala
372 577 373 580 '
392 584 598 670 celebrasse,
637 593 721 672 quod
755 583 963 676 quantumin
998 604 1134 672 Diwano
1168 595 1271 685 locum

182 697 313 762 obtinet.
371 703 445 766 Hoc
470 723 610 794 carmen,
637 729 731 798 quum
757 713 859 776 breve
885 715 940 802 sit,
977 725 1142 802 specimen
1167 752 1270 818 gene-

181 813 227 876 ris
259 817 481 906 gratulatorii,
517 839 578 886 suo
612 825 685 888 loco
710 827 892 895 reddemus.
935 834 1090 906 Poemata
1116 845 1170 910 illa
1201 838 1271 934 'qaia

145 959 151 968 ·
178 939 287 996 aetate
303 935 474 1002 Abul-Ala
491 943 718 1030 composuerit,
736 955 826 1008 certo
839 949 914 1013 licet
937 963 1090 1022 statuere
1109 965 1271 1050 nonpos-

176 1046 257 1134 sim,
296 1061 416 1137 magna
440 1061 546 1120 tamen
571 1059 792 1140 probabilitate
807 1065 961 1156 adducor,
986 1082 1023 1136 ut
1047 1086 1123 1142 ante
1146 1085 1272 1151 vicesi-

173 1182 259 1228 mum
286 1170 405 1231 aetatis
429 1181 546 1236 annum
564 1175 612 1238 ab·
629 1195 670 1238 eo
691 1179 816 1261 scripta
841 1194 918 1248 esse
943 1180 1131 1260 existimem.
1155 1202 1269 1271 Halebi
1365 1209 1368 1216 ’

169 1279 274 1367 enirn,
312 1302 375 1366 quo
402 1285 547 1354 discendi
580 1311 681 1358 causa
707 1297 779 1360 enm
805 1305 1023 1390 contendisse,
1057 1331 1157 1396 supra
1180 1321 1268 1385 vidi-

173 1413 266 1483 mus,
280 1399 284 1410 ”
298 1403 360 1464 sub
394 1405 547 1488 principia
581 1412 675 1496 regui
710 1414 994 1488 §aid-undante
1007 1422 1009 1428 ’
1024 1428 1157 1497 videtur
1189 1457 1267 1505 esse

76 1561 78 1573 ,
172 1519 409 1607 commoratus,
447 1543 508 1586 nac
534 1534 640 1590 tamen
675 1530 799 1594 biennio
837 1535 966 1627 diutius,
1008 1545 1063 1608 vel
1096 1551 1197 1616 tribus
1230 1567 1266 1622 ut

171 1628 339 1710 plurimum
366 1637 467 1708 annis.
503 1641 601 1730 Nam,
626 1663 709 1708 anuo
735 1647 807 1712 384
833 1642 996 1722 Maarram
1024 1681 1097 1726 eum
1123 1668 1184 1732 iam
1208 1692 1266 1736 re-

121 1719 122 1724 ¹
171 1763 305 1808 versum
330 1747 434 1812 fuisse
463 1762 498 1817 ct
513 1756 673 1821 Halebum
698 1760 812 1826 deinde
832 1765 968 1834 Graecis
994 1775 1145 1844 infestum
1164 1805 1265 1867 ¹(putum

177 1863 319 1926 maxime
351 1866 496 1959 vitasse,
531 1873 606 1938 dum
640 1875 771 1961 incepta
795 1889 959 1966 pergimus
986 1909 1148 1983 enarrare,
1181 1901 1264 1968 iam-
1340 1908 1345 1922 “

173 1976 239 2046 ianr
266 1981 454 2050 videbimus.
514 1980 529 2086 .-

244 2147 351 2227 Quum
369 2153 478 2237 igitur
503 2156 670 2238 imperium
694 2161 880 2258 Halebensc
910 2174 1037 2241 interna
1062 2181 1123 2246 iam
1146 2185 1261 2254 debili·
1370 2199 1375 2202 ’

169 2253 238 2326 tate
265 2265 436 2356 laboraret,
476 2279 642 2338 externum
670 2279 765 2342 etiarn
790 2287 935 2350 accessit
959 2291 1051 2358 brevi
1075 2302 1260 2380 periculum.

165 2379 251 2444 Nam
264 2383 361 2464 Aziz,
386 2387 517 2452 Khalila
539 2391 713 2482 Fatemiia,
738 2400 792 2480 qui
822 2409 898 2466 tunc
923 2413 1077 2493 temporis
1102 2417 1259 2506 Aegypto

164 2504 199 2557 et
220 2497 343 2580 Libyae
360 2510 394 2564 ot
419 2505 530 2566 maiori
544 2507 661 2590 Syriae
675 2514 758 2594 parti
778 2516 968 2600 imperabat,
993 2529 1146 2612 reliquam
1160 2539 1256 2605 ctiam

163 2583 293 2694 Syriam
318 2635 420 2700 regno
447 2637 503 2682 suo
530 2621 667 2689 addendi
694 2631 846 2715 cupiduS,
884 2638 1147 2724 Jandjutekinum
1171 2657 1257 2722 'l'ur-

165 2743 255 2807 cam,
292 2747 383 2808 quem
408 2733 570 2800 Damasco
608 2759 852 2837 praeposuerat,
887 2757 1045 2828 Halebum
1072 2772 1169 2834 armis
1194 2783 1257 2856 pe·
1304 2765 1306 2771 ¹

162 2847 232 2902 tere
270 2842 375 2905 iussit.
441 2846 504 2949 Qui
530 2870 628 2933 quum
663 2858 816 2946 Burtzam
848 2870 1026 2962 patricium,
1064 2881 1282 2954 Antiochiae.

160 2957 376 3046 praefectum,
410 2963 536 3028 Halebo
572 2973 799 3068 opitulantem,
834 2985 865 3046 in
899 2987 1008 3073 fugam
1042 3002 1253 3086 coniecisset,

158 3071 318 3136 Halebum
344 3085 451 3142 autem
481 3103 539 3164 per
564 3090 745 3171 complures
770 3118 902 3165 menses
929 3084 1094 3174 obsidione
1117 3115 1253 3186 cinctum

159 3205 348 3274 expugnare
372 3214 436 3258 non
461 3203 643 3290 potuisset,
678 3209 827 3301 Khalifa,
861 3231 993 3301 postero
1020 3249 1112 3312 anuo,
1145 3219 1252 3302 Abul-

74 3365 78 3372 ,
159 3299 325 3368 Hasanum
349 3309 599 3396 Magrebensom
612 3312 655 3406 ¹),
690 3325 944 3401 Sed-Eddaulae
972 3347 1126 3424 quondam
1153 3359 1250 3418 vezi-

159 3517 1241 3586 ,ἪἫ

208 3663 383 3756 1,er
408 3669 1029 3800 &prfflrffiffiffltpr
1079 3729 1242 3798 annoarr
1305 3715 1307 3720 ’

158 3772 435 3843 aSad-llddaula
467 3787 598 3851 vezirus
642 3807 774 3862 creatus
809 3816 880 3886 est,
912 3824 1047 3904 postea,
1082 3825 1244 3896 simultate

158 3873 292 3952 quadam
334 3877 417 3941 inter
459 3901 516 3945 cos
542 3901 676 3980 exorta,
711 3899 751 3960 ad
775 3903 861 3966 Aziz
888 3909 1048 3981 Kholifam
1086 3928 1241 4016 confugit,

157 3973 413 4062 atquebenigne
452 3984 490 4054 ab
516 3985 568 4046 illo
595 4004 763 4084 exceptuS,
790 4009 972 4072 muneribus
998 4019 1095 4082 variis
1121 4025 1151 4086 in
1169 4028 1241 4088 Ae-

155 4076 257 4152 gypto
282 4091 382 4156 usque
408 4079 535 4146 functus
561 4099 623 4175 est,
650 4093 751 4161 donec
776 4103 815 4164 ab
840 4105 1134 4202 HabemoJKbalifa
1158 4143 1239 4189 anno
