3056 4724
725 197 1020 296 *⁴⁸*y

287 428 291 436 ·
366 401 402 463 ln
425 405 515 464 tanto
540 393 643 478 pretio
669 413 720 457 me
734 392 827 458 [nunc
849 384 971 482 hiberi,
1000 395 1106 460 mirari
1120 396 1193 460 noto
1206 403 1216 480 '3
1230 399 1369 481 ‘quoties‘

282 513 459 584 calamitate
483 513 636 578 effectum
661 521 724 594 est,
751 522 788 576 ut
812 531 914 593 merx,
940 513 1108 578 contemta
1125 514 1229 596 modo,
1253 513 1372 578 multos

282 639 439 723 reperiret
466 643 606 699 emtores
619 626 661 696 ie

379 781 416 841 In
440 778 545 841 ultimo
581 787 690 837 versu
712 773 806 836 cives
844 766 924 835 suos
959 788 1094 850 carpere
1127 767 1282 852 videtur,
1319 765 1373 853 qul

282 915 436 982 prospere
461 901 600 980 agentes
624 911 661 954 sc
689 909 801 974 parum
826 896 998 971 curarent,
1026 887 1123 952 iidem
1148 889 1177 951 si
1200 889 1374 958 inmalunt

283 1011 440 1099 quoddam
465 1010 663 1095 incidissent,
688 1008 887 1072 necessitate
913 1006 1014 1070 coacti
1039 1005 1080 1069 ad
1099 1026 1137 1068 se
1152 1007 1372 1092 confugerent.

282 1131 397 1217 Igitur,
423 1126 507 1210 quod
534 1128 635 1211 vulgo
655 1125 716 1189 dici
742 1126 834 1205 solet,
860 1125 1017 1187 neminem
1041 1144 1061 1186 a
1086 1124 1167 1187 suis
1185 1125 1374 1207 prophetam
1431 1180 1439 1188 i

282 1249 405 1335 haberi,
429 1243 462 1308 id
489 1242 658 1309 Abul-Ala
682 1243 776 1305 etiam
801 1262 821 1304 a
851 1241 1088 1303 Maarrensibus
1123 1235 1274 1320 expertus
1309 1246 1372 1303 est.¹

282 1365 334 1429 Ab
359 1363 481 1426 exteris
507 1370 624 1445 autem,
649 1363 682 1422 in
707 1377 831 1421 summo
857 1375 983 1435 semper
1009 1351 1137 1418 habitus
1167 1319 1221 1417 est
1241 1354 1373 1436 honore,

283 1488 379 1564 atque
406 1497 478 1541 cum
502 1475 605 1541 multis
630 1473 924 1538 virisauctoritate
939 1477 1006 1533 'aut
1039 1469 1165 1552 ingenio
1192 1469 1373 1551 conspicuis¹

284 1599 423 1686 amicitia
456 1617 496 1661 ac
532 1601 642 1656 mutuo
676 1590 838 1685 literarum
871 1604 935 1650 usu
973 1585 1163 1650 coniunctus
1197 1595 1265 1673 est3
1309 1584 1370 1666 sio,

286 1716 424 1806 exempli
449 1715 577 1801 gratia,
616 1706 886 1773 Amin-Eddaulae
917 1713 952 1768 et
979 1702 1088 1778 Sanad
1101 1735 1121 1750 ·
1134 1701 1316 1782 Eddaulae,
1352 1721 1383 1766 a·

284 1831 430 1898 Khalifa'
459 1831 664 1915 Aegyptiace
714 1827 838 1889 Halebo
888 1819 1054 1902 utriusque·
1100 1815 1280 1902 praefecti,
1330 1835 1374 1880 ex

286 1953 447 2022 Chronico
484 1945 662 2012 Halebensi
699 1952 896 2024 compertum
937 1938 1117 2021 habemus,
1162 1947 1327 2036 magnam,
1345 1933 1377 1994 in

288 2088 359 2133 eum
398 2065 596 2150 voluntatem
631 2058 733 2118 fuisse
742 2099 755 2139 ,
796 2065 894 2136 atque
929 2045 977 2113 eis
1014 2045 1189 2112 orantibus
1217 2037 1375 2111 tractatus

288 2183 442 2267 quosdam
467 2197 536 2242 eum
562 2174 813 2256 conscripsisse,
838 2168 950 2252 quales
976 2173 1051 2230 sunt
1086 2157 1266 2246 &Laii
1291 2159 1398 2260 titan,

290 2292 453 2412 timidi,
479 2283 764 2367 „iiiiiigafflet
788 2277 925 2362 &potandi
951 2277 1069 2374 mun·
1120 2282 1226 2378 Atque
1260 2288 1377 2363 quanta

241 2477 245 2487 i
290 2415 485 2486 eruditionis
515 2412 584 2473 eius
626 2407 709 2470 sarna
740 2405 782 2468 ad
807 2401 1051 2465 remotissimas
1075 2393 1187 2482 u'sq'ue
1222 2399 1373 2481 regiones

290 2539 407 2604 diffusa
433 2531 540 2616 tuerit,
563 2526 618 2590 vel
644 2545 687 2588 ex
715 2519 940 2588 uno'l'ebrinii
966 2517 1116 2600 exemplo
1146 2522 1252 2598 potest
1276 2513 1374 2575 intel·

289 2654 358 2740 ligi,
384 2627 436 2734 qui
460 2666 555 2732 quum
580 2645 612 2708 in
625 2643 860 2726 Azerbidjanae
885 2640 1083 2726 urbe,aqua
1099 2611 1214 2700 nomen
1240 2632 1375 2714 accepit,

289 2775 322 2836 in
345 2772 459 2834 librum
493 2762 652 2848 quandam
677 2760 717 2824 da
743 2759 854 2844 lingua
884 2756 1025 2819 Arabica
1051 2752 1238 2838 incidisset,
1281 2759 1376 2830 atque

267 2953 269 2957 ,
292 2892 453 2955 doctorem
479 2883 566 2947 adire
594 2879 829 2961 constituisset,
855 2878 910 2954 qui
934 2863 1005 2934 eum
1026 2870 1086 2934 sibi
1100 2871 1377 2952 interpretaretur,

292 3009 408 3074 nullum
433 3005 599 3068 sibiuisus
626 3007 680 3061 est
699 2993 869 3058 Abul-Ala
882 2988 1086 3052 eruditiorem
1110 2986 1252 3067 reperire
1264 3001 1376 3067 posse,

291 3134 338 3211 et,
364 3123 440 3186 libro
465 3139 564 3203 perae
588 3116 687 3181 indito
713 3120 808 3192 atque
842 3106 979 3170 humeris
1004 3103 1182 3188 imposito,
1215 3103 1378 3164 Maarrom

293 3240 439 3306 contiuuo
464 3237 565 3320 pedes
590 3233 755 3318 proiectus
783 3233 846 3290 est.

350 3385 433 3447 um
470 3369 678 3443 autemnon
701 3373 852 3452 superest
889 3365 951 3429 nisi
967 3367 970 3372 ·
988 3354 1026 3428 ut
1062 3362 1102 3425 ne
1139 3367 1243 3424 morra
1271 3353 1378 3421 nour-

293 3501 377 3565 Alae
402 3498 516 3582 dicam,
542 3490 680 3574 quaein
706 3504 819 3552 annum
844 3484 883 3546 ab
914 3467 1039 3562 Hedjra
1062 3475 1145 3540 449.
1171 3473 1274 3555 (post.
1300 3466 1377 3532 Chr.

172 3709 178 3724 x
297 3665 1372 3718 Μ

295 3825 403 3892 metris
429 3822 555 3908 quidem
578 3839 641 3883 non
666 3820 819 3894 vinctum,
846 3808 905 3873 sed
929 3806 962 3868 iu
985 3802 1126 3868 mambra
1143 3807 1249 3861 tamen
1269 3790 1380 3856 distri·

296 3930 405 3994 butum
428 3933 493 4010 est,
518 3930 616 4007 atque
640 3914 886 3982 homoioteleuto
922 3913 1083 3988 umatum,
1118 3897 1170 3964 oui
1200 3892 1380 3979 palumbum

298 4051 439 4142 gemitus
467 4049 575 4114 crebro
601 4048 812 4126 comparator.
