3070 4720
422 205 836 268 *r-to*

190 397 304 462 deses
331 394 570 476 comparaisons
597 403 630 460 et
654 415 712 460 sur
737 399 769 460 le
794 402 941 464 mauvais
968 399 1047 487 gout
1073 405 1112 468 de
1130 425 1186 470 aes
1207 417 1280 492 trop

190 513 342 594 frequens
379 512 460 594 jeux
488 513 528 574 de
554 522 646 576 muts.
698 514 741 576 Je
768 517 851 578 crois
877 535 937 598 que
963 537 1044 599 pour
1070 520 1101 584 la
1126 525 1276 603 poe'sieil

190 640 243 694 est
268 629 417 693 infe'rieur
443 628 463 692 'a
488 629 690 711 Motdnabbi3
712 612 890 718 toutefois,
918 634 954 716 je
987 655 1027 698 ne
1061 642 1192 704 connais
1217 664 1277 724 pas

189 769 246 812 ses
272 769 438 834 ouvrages
463 769 562 812 assez
587 749 608 814 ia
633 750 708 815 fond
734 769 814 833 pour
841 771 881 814 en
907 761 1016 834 pomer
1040 775 1082 820 uu
1111 755 1282 840 jugement

189 867 315 936 assare.

260 984 317 1046 ilie
341 985 440 1069 igitur
466 989 587 1066 primus
613 992 733 1048 rectam
768 991 856 1050 viam
881 987 1050 1072 ingressus
1077 999 1140 1058 est
1189 993 1282 1060 Nam.

186 1099 215 1159 si
243 1100 443 1164 Abu-Alam
471 1120 551 1163 vere
575 1099 718 1163 iudicare
744 1103 913 1186 volumus,
952 1108 1084 1184 primum
1123 1117 1176 1170 est
1216 1128 1279 1172 nou

188 1218 349 1304 singulum
375 1220 526 1305 pendere,
552 1220 612 1283 sed
638 1242 694 1303 pro
721 1227 845 1286 ratione
861 1226 1081 1304 temporis‚.in
1098 1247 1161 1310 quo
1185 1229 1278 1312 vixit,

187 1346 220 1398 et
244 1347 423 1424 poetarum,
449 1340 501 1420 qui
527 1349 601 1402 ante
630 1360 703 1404 eum
729 1340 918 1426 floruerunt,
945 1342 1159 1412 considerare.
1186 1343 1280 1423 Quod

187 1456 216 1516 si
241 1457 430 1543 fecerimus,
470 1462 598 1524 ineam
633 1471 771 1524 aetatem
792 1479 877 1546 eum
917 1462 1055 1524 incidere
1087 1461 1279 1542 videbimus,

188 1591 250 1652 qua
276 1585 456 1655 corruptum
485 1577 644 1657 quoddam
670 1585 702 1638 et
720 1578 897 1640 adulterum
911 1597 1050 1659 poeseos
1077 1547 1181 1662 genus
1197 1581 1278 1641 inter

190 1697 318 1759 Arabes
343 1697 405 1757 iam
427 1705 579 1773 coeperat
594 1697 746 1774 irrepere.
774 1697 899 1756 Etenim
918 1713 1027 1756 veram
1047 1697 1279 1778 genuinamque

189 1814 303 1894 poesin
328 1814 391 1893 ipsi
417 1814 542 1875 Arabes
569 1818 689 1892 mature
710 1807 844 1892 periisse
865 1812 1050 1872 existimant
1073 1809 1164 1886 adeo,
1180 1813 1278 1886 utqui

188 1935 244 1994 vei
269 1933 489 2017 longissimam
510 1934 541 1994 ei
567 1939 703 1994 aetatem
733 1930 896 2008 definiunt,
930 1939 1036 1990 tamen
1065 1928 1148 1989 ultra
1187 1925 1279 1984 Abu·

188 2050 329 2112 ferasum
356 2071 424 2112 eam
450 2051 627 2132 producere
665 2068 727 2110 non
763 2047 910 2110 audeant.
963 2046 1047 2108 Nam
1081 2044 1163 2106 hacc
1196 2039 1281 2121 apud

185 2164 359 2250 plerosque
385 2172 544 2232 sententia
569 2169 670 2252 vaiet,
696 2175 823 2254 poesin,
841 2187 937 2249 quum
963 2186 1083 2250 arcge
1109 2160 1277 2247 inceperit,

187 2303 267 2368 rege
292 2303 414 2368 quoque
442 2288 626 2350 conclusam
660 2287 775 2371 tuisse,
811 2304 940 2367 quorum
977 2285 1114 2366 priorem
1150 2283 1280 2344 Amroi-

187 2401 310 2464 caisum
336 2420 411 2465 esse
439 2404 564 2488 volunt,
591 2406 726 2467 aiterum
754 2403 1000 2466 Abu-ferasum.
1041 2405 1134 2465 Hunc
1160 2408 1278 2482 autem,

187 2518 250 2580 etsi
276 2521 470 2582 Motenabbii
497 2522 639 2601 aequalis
666 2521 738 2597 fuit,
764 2529 869 2581 tamen
894 2521 923 2581 si
951 2529 1093 2612 spectes,
1127 2509 1279 2597 quantum

186 2635 268 2697 iuter
295 2636 461 2716 utriusque
486 2637 597 2717 poesin
623 2638 762 2716 intersit,
790 2637 888 2720 longo
921 2635 1073 2717 temporis
1109 2636 1278 2698 intervallo

186 2761 283 2833 putes
308 2753 348 2816 ab
374 2771 413 2813 eo
440 2763 633 2833 separatum.
685 2754 770 2814 Nam
805 2751 1017 2828 Abu-ferasi,
1057 2763 1209 2830 quantum
1235 2773 1277 2813 ex

185 2867 298 2948 paucis
322 2867 521 2954 quibusdam,
548 2890 631 2952 quae
658 2870 732 2932 mihi
750 2872 861 2933 videre
882 2870 1029 2952 contigit,
1050 2871 1277 2949 speciminibus

186 2983 259 3046 licet
278 2983 430 3063 iudicare,
447 2991 581 3050 sincera
605 2987 667 3050 fuit
689 2996 784 3070 atque
799 2988 936 3071 infucata
952 2991 1073 3067 poesis,
1094 2992 1127 3048 ct
1151 2986 1279 3066 abipso

186 3101 282 3164 adimi
308 3109 394 3164 moto
422 3103 492 3164 sine
518 3105 580 3168 ulio
606 3105 742 3167 artificio
770 3104 921 3187 proiecta.
938 3103 1049 3186 igitur
1072 3122 1111 3162 eo
1139 3103 1209 3182 ipso
1235 3101 1275 3163 ad

187 3225 301 3296 poetas
326 3229 459 3282 veteres
488 3223 619 3302 propius
647 3228 799 3304 accessit,
836 3228 1032 3303 quominus
1069 3241 1126 3284 cos
1161 3223 1277 3282 imitari

187 3333 321 3395 studuit.
349 3335 444 3416 Apud
468 3339 709 3400 Moteuabbium
736 3353 855 3426 eutem,
883 3341 956 3404 iicet
980 3358 1095 3422 magua
1113 3359 1152 3400 ae
1168 3337 1278 3401 vivida

184 3449 303 3534 ingenii
329 3451 364 3512 vi
389 3453 537 3541 valuerit,
567 3475 629 3516 non
655 3459 788 3520 eandem
823 3468 930 3520 tamen
966 3462 1139 3521 sanitatem
1174 3472 1268 3533 repe·

185 3566 271 3646 rias3
294 3566 389 3665 immo
415 3569 514 3633 multa
538 3571 761 3653 deprehendas
790 3585 958 3657 corruptae
983 3575 1044 3634 iam
1068 3588 1207 3653 poeseos
1224 3573 1277 3632 in·

185 3681 277 3746 dicia.
328 3686 414 3747 Nam
443 3685 519 3751 alias
556 3689 596 3753 ad
637 3692 792 3754 servilem
827 3701 976 3754 veterum
1011 3688 1214 3752 imitationem
1239 3706 1277 3749 so

186 3797 345 3883 demittit,
360 3773 453 3885 aliae,
480 3804 554 3883 dum
568 3815 638 3868 'eos
664 3825 818 3887 superare
841 3806 963 3883 studet,
979 3805 1009 3865 in
1028 3805 1163 3866 amentia
1178 3813 1274 3884 atque

186 3915 307 3978 absona
328 3937 434 4000 prava
459 3925 641 3986 temeritate
669 3923 820 4008 decurrit,
838 3927 951 3984 remoti
965 3923 1066 4006 magis
1092 3929 1185 4002 atque
1204 3922 1275 3982 ino-

188 4031 284 4112 pinati
309 4051 402 4113 quam
426 4040 579 4121 simplicis
606 4041 737 4121 verique
756 4040 930 4105 studiosus.
958 4040 1123 4105 Accedunt
1146 4041 1276 4120 ineptae
