3056 4724
629 231 831 294 ..37-

184 429 270 492 bium
296 425 461 510 cst-quin
490 421 628 504 exipsa
642 418 717 490 „viri
739 425 853 482 nature
869 415 1083 500 profluxerit,
1114 422 1142 486 si
1169 431 1274 489 tamen

186 549 369 635 quaeritur„
386 548 436 610 oui
461 563 581 610 causac
596 551 749 646 externae
775 534 943 602 tribuenda
964 535 1018 616 sit,
1046 539 1192 620 equidem
1217 543 1280 608 vix

187 668 309 744 dubito,
334 665 409 746 quin
432 663 509 727 illud
533 662 623 724 velut
647 664 837 723 momentum
858 655 1021 736 innovis,
1037 672 1117 737 quas
1131 659 1279 744 Bagdadi'

186 759 315 868 primum
331 781 488 864 hauserit,
515 780 664 845 doctrinis
681 797 825 865 magnam
839 785 961 873 partem
982 779 1196 860 quaerendum
1223 783 1275 848 sit

186 873 231 969 iit
248 883 337 966 ¹erdm
363 901 544 965 Sulicorurn
569 898 751 963 doctrinam·
789 907 887 982 atque
913 899 1025 962 Indica
1047 901 1103 963 illa
1131 900 1279 986 dogmate

115 1045 146 1080 w
188 1007 397 1085 de'vanitatc
432 1016 538 1081 mundi
564 1023 657 1097 atque
689 1033 812 1099 summa
844 1017 972 1080 divinae
1003 1018 1277 1100 contemplationis

189 1136 426 1216 virtute,.quae
453 1132 681 1216 iampridem,
706 1133 761 1195 vel
788 1134 881 1197 etiam
916 1137 956 1198 ab
985 1135 1092 1217 initio,
1131 1156 1201 1201 cum
1225 1139 1279 1204 illu

188 1251 509 1333 circumferebantur,
547 1234 703 1328 constat,
731 1252 794 1314 illis
825 1253 1020 1336 temporibus
1049 1255 1134 1337 apud
1158 1254 1279 1323 Persas

188 1369 505 1454 maximeviguisse.
555 1357 753 1436 Apul-Alam
779 1382 898 1454 autem,
924 1373 998 1437 dum
1020 1363 1165 1460 Bagdadi
1189 1362 1287 1441 corn-¹¹

190 1493 376 1566 moraretur,
402 1505 474 1550 oum
498 1487 609 1550 Persis
630 1489 729 1554 doctis
748 1499 973 1556 conversatum
993 1491 1108 1574 fuisse,
1133 1495 1204 1557 veri
1229 1507 1283 1560 est

191 1606 390 1669 simillimum.
435 1605 520 1668 ,Uno
546 1591 653 1691 certe,
691 1608 840 1671 Abu-Ali
864 1609 1089 1672 Mobamnrede
1104 1611 1286 1694 Borudjir·¹

92 1687 96 1703 ³
193 1722 297 1806 densi,
322 1726 376 1802 qui
400 1731 434 1784 et
450 1729 547 1802 poete
572 1721 634 1784 fuit
658 1731 693 1785 et
719 1727 938 1807 scientiarum,
963 1724 1203 1786 mathematicos
1220 1731 1283 1788 irn-

196 1838 320 1920 primis,
345 1841 487 1922 peritus,
508 1824 717 1904 familiariter
742 1859 814 1904 eum
845 1859 940 1904 usum
973 1835 1096 1926 fuisse,
1134 1861 1177 1902 ex
1211 1846 1284 1924 ipsc

196 1957 333 2020 lliwano
358 1955 557 2037 perspicitur.
615 1957 793 2040 Discipulis
826 1977 951 2040 quoque
975 1961 1087 2022 Persis
1115 1979 1201 2024 usus.
1223 1972 1284 2047 est,

196 2073 308 2155 quales
338 2071 466 2134 luemnt
498 2071 612 2134 Felcki
645 2083 679 2134 ct
712 2075 858 2167 lihacani
883 2083 1018 2156 poetae,
1053 2084 1184 2138 auctore
1209 2065 1285 2144 lbo-

196 2190 337 2254 Sbolrna.
386 2186 468 2265 Quin
495 2190 591 2254 etiam
617 2193 688 2272 ipse
714 2210 841 2254 carmen
867 2190 1010 2256 Suflcunr
1035 2192 1176 2276 scripsit,
1203 2193 1286 2275 quod

200 2313 232 2372 in
256 2309 393 2371 Diwenc
424 2313 544 2384 exstat,
567 2325 630 2368 non
655 2306 778 2388 quidem
805 2317 1026 2396 spontesua,
1061 2308 1119 2371 sed
1150 2320 1287 2395 rogante

196 2422 332 2505 quodam
357 2422 477 2500 amico,
514 2421 560 2484 ite
591 2430 627 2484 ut
651 2422 733 2485 illius
759 2422 940 2508 doctrinae,
976 2425 1005 2488 si
1028 2443 1090 2486 non
1116 2431 1286 2514 particeps,

195 2546 321 2624 peritus
344 2546 450 2603 tamen
475 2538 583 2622 fuerit,
608 2547 766 2620 oporteat.
821 2538 912 2617 Quae
938 2559 1038 2632 quum!
1057 2546 1104 2604 ita
1128 2543 1201 2627 sint,
1226 2563 1290 2606 nou

198 2656 374 2722 mirandum
402 2663 453 2719 est
476 2655 698 2734 Abel-Alam,
737 2673 830 2735 quum
855 2664 969 2719 nature
991 2657 1032 2719 ad
1056 2659 1289 2723 meditationem

121 2815 123 2820 ,
200 2785 294 2856 atquc
333 2782 498 2838 austerum
534 2776 622 2834 vitae
660 2789 764 2856 genus
795 2788 976 2853 propensus
999 2771 1108 2852 luerit,
1136 2773 1289 2854 doctrina,
1366 2849 1370 2859 Ι

202 2905 282 2975 quac
308 2891 421 2954 ecdem
446 2888 604 2974 tenderet,
631 2888 779 2951 ellectum
803 2886 903 2950 fuisse
929 2894 962 2951 et
986 2887 1079 2951 focile
1099 2887 1289 2960 devinctum.

204 3011 403 3094 Quemquam
428 3008 468 3072 de
493 3007 543 3069 his
568 3025 658 3070 nemo
678 2977 766 3069 recte
800 3005 967 3090 iudicabit,
999 3004 1063 3067 nisi
1093 3005 1146 3086 qui
1178 3005 1291 3069 librum

207 3129 387 3192 »bocum
412 3147 473 3190 ma
498 3126 539 3188 lc
563 3124 747 3188 inicam«
773 3124 978 3209 inscriptum,
1019 3142 1079 3204 quo
1104 3121 1296 3192 Abel-Atre,

206 3246 236 3307 in
262 3244 323 3306 boc
348 3262 469 3328 genere
495 3241 730 3304 lucubrationes
749 3241 956 3325 continentur,
982 3239 1153 3322 diligenter
1170 3241 1294 3302 tracte-

205 3363 320 3440 verit.¹
352 3360 444 3441 Quod
471 3379 568 3446 quum
593 3359 669 3422 mihi
694 3357 805 3421 videre
831 3376 894 3419 non
919 3356 1106 3440 contigerit,
1132 3353 1208 3417 nihil
1234 3351 1294 3423 de·

208 3497 340 3544 eernere
355 3475 467 3540 ausim.
494 3474 578 3538 Sunt
598 3484 705 3537 tamen
730 3471 843 3536 indicia
868 3471 1034 3556 quaedam,
1056 3469 1159 3550 qualis
1175 3469 1227 3532 bic
1247 3479 1296 3533 est

207 3613 336 3679 versus,
363 3611 457 3674 quern
483 3592 631 3674 sepulcro
656 3609 717 3653 suo
741 3583 866 3653 inscribi
891 3588 995 3650 iussit.
1058 3587 1153 3649 Metr.
1173 3587 1292 3652 Camel.

366 3727 740 3858 dssrgeffc,
791 3713 1147 3852 &egi-Qus
1258 3750 1293 3852 j

310 3930 402 3992 siloc
427 3936 519 4010 pater
551 3943 641 3990 meus
674 3923 707 3988 in
732 3942 782 3988 me
809 3918 974 4006 peccavit,
1001 3935 1064 4002 ego
1087 3917 1119 3980 in
1142 3915 1294 4007 neminem

213 4047 376 4130 peccavi«
1108 4022 1115 4027 ”
