3070 4720
701 197 905 264 „70-

257 399 331 464 dine
353 398 442 460 circe
467 392 705 478 gnmeticetn
730 397 786 452 eut
809 389 1002 470 scriptum
1029 407 1137 474 nugae
1166 402 1202 454 et
1232 409 1346 458 recum

256 515 403 577 similium
437 511 570 592 pueriiis
608 509 761 590 captetio.
813 507 899 568 flnic
938 517 1047 568 eutem
1076 509 1105 569 si
1147 511 1347 576 AanAient

255 629 441 712 contuleris,
465 628 659 707 aliquantum
686 625 831 706 proiecto
845 621 1058 686 similitudmis
1087 624 1348 708 interutrutnqne

255 761 381 831 cernes,
405 744 466 806 sed
491 763 564 805 enm
591 745 622 804 in
647 744 761 805 melem
796 743 902 823 potius
939 751 1081 825 partem,
1113 753 1149 804 et
1182 761 1277 824 quem
1316 747 1348 806 in

255 866 344 926 vitiis
386 867 492 948 magis
530 881 625 942 quem
659 863 691 922 iu
727 860 900 922 virtutibus
936 860 1071 938 positam
1112 881 1189 922 esse
1214 861 1345 922 dixeris.

255 983 340 1044 Nem
367 999 471 1062 neque
502 982 582 1044 idem
607 981 639 1040 in
672 976 840 1040 Aoni-Ain
864 976 961 1059 vigor
994 977 1081 1038 inest
1113 981 1285 1062 genuinus,
1311 989 1346 1042 et

256 1117 340 1183 quse
366 1100 451 1182 epud
476 1097 716 1162 Motenebbium
742 1103 894 1174 corrupte
917 1103 1007 1168 sunt,
1028 1096 1228 1175 corruptiore
1252 1098 1346 1160 etient

254 1218 339 1298 epnd
362 1237 435 1280 eure
460 1216 616 1278 invenias.
644 1212 813 1274 ΑΙηιΙ-ΑΙ·
838 1210 933 1291 enim,
967 1229 1066 1291 quum
1105 1213 1209 1274 enimc
1253 1225 1347 1276 esset

255 1335 359 1397 minus
384 1336 452 1398 ecri
477 1344 510 1396 et
535 1333 577 1395 ed
602 1329 810 1416 cogitandum
836 1347 932 1411 quern
958 1327 998 1388 ed
1016 1328 1173 1410 egendum
1197 1341 1346 1416 eutsenf
1465 1381 1472 1388 .

255 1451 395 1514 tiendum
421 1448 635 1534 propensiori,
662 1449 776 1529 poesin
802 1465 864 1508 non
900 1445 1014 1507 eodem
1043 1465 1081 1506 ec
1118 1447 1345 1511 diotennbbius

254 1570 350 1631 insito
378 1569 509 1632 fervore
545 1566 604 1629 sed
632 1565 776 1628 doctrine
814 1565 989 1627 instructus
1032 1573 1066 1624 et
1099 1572 1248 1648 tanquan
1293 1565 1346 1627 di-

256 1687 425 1768 scipiinem
451 1685 559 1748 studio
583 1703 622 1747 ec
647 1682 811 1764 diligentie
835 1681 1046 1744 excolendam
1073 1693 1343 1770 aggressusest.

255 1804 304 1864 Eo
330 1802 450 1866 fectum
478 1814 541 1884 est,
577 1811 614 1863 ut
642 1813 712 1864 erte
738 1799 839 1883 magis
874 1819 967 1880 quem
1002 1807 1116 1861 nature
1146 1803 1273 1862 veteret
1300 1810 1345 1884 et,

254 1939 349 2002 quum
375 1921 521 2002 exemplo
547 1930 715 2000 poetarum
737 1917 951 1999 superiorum,
967 1918 1080 1996 quibus
1107 1918 1247 1980 imbutus
1276 1931 1346 1985 eret

255 2055 404 2120 quaeque
429 2037 490 2099 sibi
517 2037 556 2097 ed
586 2035 769 2098 imitandum
795 2035 1004 2113 proponebat,
1039 2053 1060 2094 e
1087 2037 1156 2095 vite
1181 2054 1240 2098 sue
1265 2039 1348 2100 iuter

255 2153 431 2214 litterarum
460 2153 566 2216 studia
591 2152 752 2232 tranquilia
772 2149 961 2230 ptecidaque
982 2149 1108 2209 omnino
1128 2149 1347 2233 discreparent

254 2275 350 2347 etque
375 2269 594 2346 abhorrerent,
621 2268 667 2328 ite
706 2268 815 2347 poesis
851 2265 932 2346 ciue,
977 2263 1050 2324 ficte
1088 2265 1169 2326 inter
1207 2280 1241 2330 et
1265 2245 1347 2335 vere

255 2385 486 2468 quodammodo
519 2385 686 2462 distracta,
712 2402 799 2466 vega
823 2391 858 2442 et
882 2399 1044 2460 suspense
1068 2380 1217 2444 videntur
1241 2405 1346 2466 neque

253 2502 336 2562 ulios
361 2503 525 2584 sanguinis
551 2520 589 2563 ec
614 2503 737 2585 vigoris
762 2501 885 2562 animos
913 2501 1025 2580 spiret.
1062 2502 1213 2564 Accessit
1238 2502 1341 2566 edituc

255 2621 410 2699 coecitas,
436 2617 528 2679 cuius
555 2619 585 2678 in
612 2617 661 2679 his
687 2618 886 2699 eliqueretio
904 2617 1123 2682 habendeest.
1149 2620 1233 2683 Nem
1250 2640 1343 2702 quuut

255 2732 353 2793 cieris
379 2751 416 2796 ec
448 2732 574 2813 lucidis,
601 2753 683 2816 ques
708 2735 783 2797 visu
810 2735 1015 2817 percipimus,
1028 2753 1133 2795 rerum
1151 2739 1345 2820 imaginibus
1368 2785 1373 2791 -

255 2860 391 2935 cereret,
417 2852 551 2934 ideoque
577 2853 617 2915 ed
642 2853 747 2916 aliene
771 2853 959 2933 plerumque
985 2861 1145 2931 concepte
1179 2854 1347 2939 relegetus

254 2981 357 3053 esset,
384 2988 423 3032 eo
449 2971 566 3034 fectum
592 2982 646 3033 est
672 2971 810 3053 ieciiius,
838 2979 872 3031 ut
899 2987 950 3049 ee,
975 2986 1057 3046 quse
1092 2987 1181 3030 mere
1216 2975 1346 3054 cogite·

253 3086 340 3150 tione
376 3095 645 3168 persequeretur,
686 3088 781 3168 longe
812 3103 833 3144 e
857 3083 996 3143 veritate
1030 3083 1061 3144 in
1099 3083 1213 3147 inisero
1248 3098 1346 3170 etque

254 3202 409 3264 absortum
441 3201 625 3264 deduceret.
678 3198 782 3278 Quum
822 3199 918 3284 igitur
958 3218 1098 3280 poeseos
1136 3205 1243 3266 orbem
1274 3211 1345 3272 suis

253 3317 376 3380 viribus
404 3337 516 3400 perum
541 3319 665 3380 voleret
693 3317 839 3401 dilatare,
880 3318 963 3381 intre
987 3319 1120 3382 cosdem
1154 3321 1222 3385 iere
1261 3323 1346 3386 flues

254 3453 291 3498 se
316 3437 477 3515 continuit,
494 3453 583 3516 quos
598 3436 826 3498 Motenebbius
846 3447 1017 3518 posueret3
1044 3447 1078 3498 et
1094 3457 1186 3519 quum
1198 3443 1229 3502 in
1245 3443 1343 3504 rebus

254 3569 366 3630 perum
392 3555 467 3615 novi
493 3569 665 3634 procreare
692 3561 816 3638 posset,
843 3555 873 3614 in
899 3553 1001 3616 forme
1033 3557 1206 3637 verbisque
1243 3568 1343 3622 totam
1385 3569 1388 3578 “

255 3687 386 3748 opernm
411 3670 593 3742 collocarit,
624 3678 669 3748 et,
695 3687 775 3748 ques
801 3689 821 3731 e
847 3671 1010 3732 veteribus
1030 3680 1228 3755 comperet,
1260 3674 1343 3737 ime*

256 3783 351 3868 gincs
376 3785 521 3848 artificiis
554 3785 653 3846 variis
694 3785 815 3846 studuit
849 3805 1017 3847 renovare.
1069 3789 1104 3848 ln
1141 3789 1201 3849 hoc
1235 3790 1342 3852 studio

255 3906 367 3964 nescio
392 3921 432 3964 en
451 3915 520 3968 toto
545 3903 651 3985 posite
680 3904 723 3964 sit
759 3903 947 3964 ,tout-Aue
983 3905 1112 3984 poesis3
1147 3905 1218 3968 inde
1251 3917 1344 3969 ortee

254 4031 330 4086 sunt
366 4024 603 4102 supe‘rietioues
642 4013 716 4082 iiiee
755 4021 963 4106 immodicae,
1006 4022 1213 4102 metaphorae
1248 4023 1342 4086 modo
