3056 4724
294 426 431 490 uNonne
455 422 670 500 apparuerunt
696 410 792 474 vobis
815 423 967 490 equorum
992 415 1126 484 turmae,
1142 403 1304 486 disperso

218 547 324 627 crine,
356 539 510 620 adspectu
540 534 659 614 atroci,
696 547 776 610 qnos
802 534 927 591 turmae
952 523 1034 587 aliae
1060 520 1229 585 confertim
1253 521 1304 582 in·

182 724 184 728 .
218 658 444 743 sequebantur,

297 793 521 856 »Numerosae
555 785 645 849 velut
671 797 781 862 arena,
807 794 888 857 qnae
913 769 1184 856 computationem
1209 736 1308 856 fugit,

221 911 252 971 in
277 907 395 992 praelio
410 913 528 970 autem
551 897 685 966 stabiles
709 891 865 958 montium
889 894 1002 955 instar.

297 1043 357 1108 »Si
380 1041 483 1104 semel
520 1057 564 1102 ex
599 1039 723 1114 impetu
755 1027 831 1092 belli
863 1026 949 1088 salvi
980 1024 1158 1097 evaseritis
1191 1031 1223 1086 et
1247 1023 1310 1086 viri

221 1160 343 1242 nobiles
369 1157 534 1236 fortesque
550 1142 581 1235 1)
606 1167 670 1211 vos
695 1142 906 1221 defenderint,

298 1289 470 1369 »Quotidie
494 1296 601 1352 tamen
625 1283 688 1347 erit
703 1283 853 1343 incursus
871 1279 943 1351 ¹iate
968 1275 1118 1362 diffusus,
1143 1272 1312 1356 quotannis
1369 1304 1377 1318 ,

224 1405 388 1487 expeditio
415 1412 511 1487 atque
537 1417 730 1467 concursus,

303 1538 451 1602 »Sumite
466 1557 549 1602 nuno
563 1538 647 1620 qnod
668 1534 804 1620 posthac
829 1534 860 1595 in
876 1551 939 1594 vos
958 1527 1089 1608 incidet,
1114 1544 1217 1606 neque
1232 1523 1315 1587 hunc

226 1673 343 1719 aunum
368 1662 595 1738 annumerate3
621 1673 685 1717 non
707 1660 762 1714 est
786 1649 850 1712 nisi
874 1645 1047 1730 specimen.

213 1831 217 1840 ·
303 1789 441 1854 »Nonne
466 1807 567 1872 saepe
590 1787 798 1876 factumest,
824 1793 861 1847 ut
880 1783 1006 1866 hostes,
1034 1798 1116 1862 quos
1142 1777 1238 1840 ermis
1263 1774 1318 1838 iiie

224 1908 374 1995 petierat,
398 1924 436 1967 se
460 1904 532 1967 eins
557 1903 687 1987 imperio
712 1902 939 1965 submitterent
952 1905 985 1962 et
999 1903 1217 1960 revertentem
1243 1911 1319 1956 ser-

227 2039 341 2085 vorum
364 2037 452 2080 more
477 2009 715 2097 sequerentur?
804 2037 807 2042 ¹

276 2143 277 2148 ’
307 2135 575 2228 aMakhadhae²)
607 2165 723 2228 aquam
754 2151 828 2227 equi
854 2147 1015 2228 aspernati
1034 2152 1122 2232 sunt,
1149 2148 1323 2208 animarum

231 2285 345 2350 aquam
369 2263 596 2350 (sanguinem)
622 2243 784 2349 sitientes,

221 2437 224 2443 .
257 2465 259 2473 ,
308 2398 432 2463 uit'issis
457 2399 690 2482 iam'equitum
716 2397 834 2484 gladiis
862 2408 896 2462 et
920 2397 1054 2482 spiculis
1080 2397 1112 2461 in
1136 2397 1321 2481 pectoribus

234 2515 376 2596 ipsorum
403 2515 523 2580 fractis.
1251 2496 1253 2501 ¹

311 2648 511 2714 »Recentem
531 2652 732 2718 Graecorum
756 2615 947 2739 sanguinem
979 2650 1148 2717 bibendum
1187 2649 1325 2736 adibant,

143 2842 146 2853 Ι
238 2784 332 2872 aqua,
358 2769 506 2846 quamvis
531 2771 632 2834 dulcis
658 2779 763 2852 esset,
789 2770 910 2833 relicta.

316 2899 419 2964 urbiam
443 2904 600 2968 transibat
624 2904 709 2966 saltn
744 2899 962 2985 unusquisque
999 2918 1101 2978 equus
1135 2918 1329 2980 generosus,

240 3015 332 3078 cuius
354 3014 386 3076 in
411 3034 468 3077 ore
492 3019 599 3080 saliva
621 3018 780 3100 sanguina
805 3013 906 3076 mixta
930 3019 1009 3076 erat.

276 3127 279 3132 ¹
320 3143 544 3223 »Pugnatores
558 3145 893 3227 appropinquaverunt
904 3141 1044 3208 invicem
1055 3143 1094 3208 ad
1106 3163 1175 3208 eam
1183 3145 1331 3230 (aquom)
1390 3134 1400 3156 “

259 3485 262 3490 ’
295 3487 326 3576 ¹)
351 3490 447 3606 stibii
465 3496 550 3574 labi
577 3502 661 3580 quod
687 3514 740 3567 est
764 3505 903 3590 proprie,
930 3525 1032 3570 naso
1055 3508 1183 3589 longo
1213 3516 1334 3586 atque

247 3600 509 3672 promlnenti
535 3603 756 3679 praeditus
784 3600 911 3690 Qetssut
940 3617 974 3670 et
997 3599 1097 3691 ἂψ
1125 3623 1333 3688 procerus

248 3689 390 3751 dicuntur
426 3695 524 3759 etiam
557 3699 660 3765 latiori
696 3706 929 3792 significatione
957 3706 996 3769 de
1021 3707 1134 3789 quovis
1162 3705 1232 3767 viro
1258 3703 1334 3767 forti

209 3851 213 3864 s
248 3795 281 3848 et
307 3806 488 3898 generos03
512 3797 579 3860 vid.
602 3802 736 3871 Hamas.
762 3829 793 3892 p.
821 3807 903 3872 728.

267 3908 326 4000 -’)
351 3920 485 4039 &Q
511 3952 573 3998 seu
592 3937 707 4036 joh-e,
734 3945 818 4027 quod
840 3944 959 4009 vadum
978 3941 1149 4030 significat,
1168 3937 1336 4002 'l'ebriz'ius

250 4017 316 4080 vuli
342 4018 437 4086 fluvu
462 4028 548 4096 iliius
576 4057 689 4108 nomen
714 4033 790 4110 esse
814 4043 984 4130 proprium.
1014 4081 1017 4086 ·
