3056 4724
719 251 955 318 ..32...

278 436 468 526 repetitam?
511 439 552 503 m
576 456 662 502 vana
682 448 732 504 est
749 459 826 523 spes
848 458 937 522 mea3
960 461 1022 504 nen
1044 459 1092 525 es,
1114 441 1166 506 ubi
1187 459 1238 506 me
1259 441 1367 506 andire

168 579 170 598 ·
275 549 393 629 possis.

284 695 287 700 Δ
356 655 462 718 „Nom
489 650 576 716 audit
596 649 830 735 Bagdadensis,
852 650 952 730 [adeo
981 659 1101 717 remota
1121 652 1322 729 osteodes),
1345 676 1364 716 e

259 762 372 846 'Syria
410 779 525 824 sonum
558 761 692 824 tonitrus
724 756 938 842 reciprocati?
984 761 1076 837 (Seil.
1112 762 1142 825 si
1173 781 1214 825 ne
1248 762 1364 830 tonitru

274 870 399 956 quidem
421 869 519 951 audit,
543 867 701 952 quemodo
722 868 857 932 salutem
877 886 981 931 meam
1002 870 1103 952 possit
1123 868 1296 952 audire'lle'

357 996 567 1072 Abel-Ateio,
589 992 851 1078 quemadmodum
872 996 957 1076 prins
977 996 1009 1059 in
1032 996 1141 1080 Syria,
1164 999 1207 1060 ita
1221 996 1366 1082 Bagdadi

274 1103 437 1188 discipulis
458 1107 489 1166 in
509 1104 609 1167 literis
631 1104 829 1166 instituendis
851 1115 979 1186 operam
1007 1125 1158 1189 narrasse,
1187 1125 1283 1188 supra
1311 1109 1366 1170 vi·

274 1214 388 1276 dimus.
430 1210 498 1276 Sed
522 1213 593 1295 ipse
621 1217 730 1296 etiam,
751 1212 934 1294 disciplinas
952 1233 1064 1278 ‘novas
1085 1214 1278 1298 percipiendi
1304 1233 1367 1280 eu-

273 1324 382 1409 piduS,
411 1324 684 1388 celeberrimorum
712 1323 877 1387 doctorum
905 1325 1023 1388 sobolis
1057 1326 1206 1390 interfuit.
1254 1325 1367 1389 Phile-

273 1433 407 1516 sophiae
430 1452 503 1496 eum
524 1432 701 1516 studuisse,
724 1435 786 1496 etsi
808 1433 903 1496 eertis
922 1407 1110 1498 testimoniis
1139 1435 1265 1498 nonsit
1285 1453 1367 1500 eeu-

272 1539 440 1616 flrmatum,
464 1549 570 1606 tamen
592 1562 635 1606 ex
655 1542 776 1607 indiciis
797 1530 983 1626 quidusdam
1011 1542 1171 1624 probabile
1199 1541 1254 1624 fit,
1285 1561 1367 1626 quae

274 1649 356 1712 inira
376 1649 566 1714 videbimus.
608 1653 643 1716 ln
667 1651 745 1712 iuris
767 1649 861 1712 etiam
888 1649 1052 1712 seientiam
1076 1670 1147 1712 eum
1167 1649 1366 1731 accubuisse,

273 1755 347 1820 inde
369 1757 442 1823 lieet
462 1758 649 1842 intelligere,
670 1757 751 1841 qnod
772 1757 1064 1832 Abdelwahbabi¹)‚
1094 1759 1266 1842 iurisperiti
1287 1761 1365 1824 Ma-

273 1865 401 1945 lekiani,
423 1864 598 1948 discipulus
619 1867 721 1930 luisse
742 1865 890 1946 traditur3
912 1884 1003 1948 quern
1025 1876 1142 1947 quanta
1162 1868 1368 1934 admiratione

164 1997 168 2006 ·
274 1981 463 2054 prosecutus
486 1974 538 2049 sit,
560 1993 602 2034 ex
628 1973 684 2034 his
709 1973 857 2034 versibus
884 1981 981 2053 patet,
1008 1991 1089 2052 quos
1116 1981 1239 2054 postea,
1268 1995 1367 2058 quum

273 2078 326 2140 ille
343 2079 494 2140 Maarrae
513 2094 552 2138 se
572 2076 719 2152 visisset,
740 2075 782 2140 ad
801 2075 1026 2137 Abel-Casem
1048 2076 1254 2140 'l'enuelritam
1282 2083 1367 2144 seri-

273 2184 384 2248 bebat:
1152 2184 1245 2250 Matr.
1265 2190 1365 2254 Basit.

274 2372 386 2490 aaut,
422 2348 513 2478 {aar
548 2359 672 2457 nii}
712 2383 798 2467 neu
839 2367 1067 2489 933⁰,me
1093 2417 1148 2488 e⁴
1179 2339 1400 2492 gwy

143 2559 193 2679 J
272 2552 800 2720 maqmwtffltjtd',
840 2559 928 2670 bi}
966 2561 1040 2654 tire
1077 2553 1361 2673 epit-imm

357 2791 479 2872 „Nasri
499 2791 594 2876 filins,
617 2789 832 2874 Malekianus,
852 2791 930 2856 visit
949 2796 983 2856 in
997 2793 1107 2856 itinere
1121 2801 1222 2854 terras
1235 2797 1364 2854 nostras

275 2909 308 2963 et
329 2900 528 2964 laudavimus
549 2899 770 2983 migrationem
792 2908 825 2961 et
842 2899 962 2963 itinera.
1014 2900 1051 2964 Si
1073 2898 1113 2961 de
1133 2899 1199 2960 iure
1220 2896 1362 2978 disserit,

274 3018 344 3073 arte
378 3009 558 3091 disputandi
589 3009 752 3072 Malekum
782 3007 823 3073 ad
856 3014 956 3071 vitam
986 3014 1138 3086 revocat3
1169 3006 1198 3067 si
1224 3007 1363 3069 earmina

276 3120 393 3205 condit,
415 3118 746 3184 Malelr-llddbalilnm
770 3120 836 3200 (sc.
859 3115 1107 3192 Amruloaisum)
1129 3111 1334 3179 resuscitat.“

359 3227 410 3292 Ad
432 3230 514 3291 hane
536 3247 662 3311 quoque
683 3228 753 3289 eius
772 3226 860 3287 vitae
876 3231 997 3306 partem
1009 3223 1239 3288 narratiuncula
1259 3243 1362 3306 quae·

278 3335 370 3418 dam,
391 3333 430 3399 ab
451 3331 713 3396 lbn-Khallieano
735 3331 860 3412 tradita,
882 3329 1027 3413 pertinet,
1058 3349 1140 3412 quae
1160 3331 1275 3395 indieio
1296 3338 1360 3413 est,

281 3452 397 3526 quanta
420 3461 499 3504 usus
509 3442 551 3503 sit
571 3442 738 3504 Abel-Ala
749 3458 897 3504 versuum
919 3457 960 3500 ex
971 3447 1113 3520 tempore
1123 3440 1361 3503 ‘eorrdendorum
1399 3519 1403 3524 ι

277 3550 438 3616 laenitate.
460 3551 545 3613 Nam
566 3549 753 3632 Bagdadnm
764 3548 858 3612 modo
873 3548 1021 3630 advecto,
1044 3549 1361 3629 iurisconsultusqui·

276 3655 360 3735 darn,
382 3655 454 3720 dum
476 3656 544 3719 eius
564 3676 695 3720 acumen
716 3657 851 3738 probare
871 3654 952 3737 vult,
975 3663 1009 3716 nt
1031 3654 1111 3717 inter
1138 3654 1225 3715 viros
1248 3651 1361 3716 doctos

276 3783 347 3828 mos
368 3764 429 3826 illis
456 3764 649 3846 temporibus
676 3763 856 3841 obtinebat,
884 3761 1050 3843 epistolam
1072 3761 1170 3842 misit,
1206 3779 1269 3843 qua
1299 3779 1359 3824 ae-
1386 3783 1388 3790 ’
1449 3798 1458 3802 -

233 4051 235 4056 ¹
333 4079 362 4160 ¹)
391 4076 560 4140 lbn-Kbal.
576 4096 607 4157 p.
623 4073 694 4139 42³
710 4069 780 4168 αἱ»
796 4097 840 4168 03
853 4065 964 4159 sal-093¹
977 4081 1048 4152 otae
1063 4067 1210 4158 Mus!
1227 4067 1357 4168 &etet
