3056 4724
728 189 936 252 ..23-

163 547 166 551 ,
211 417 214 428 ·
274 397 457 529 imai
484 409 612 534 aaa>
639 426 809 524 eam
843 423 924 516 „a
953 425 1085 543 rea
1120 398 1292 522 cie-2
1316 399 1382 528 ti,

274 629 373 738 p„
402 596 809 722 &affulta-{1⁰2}
853 640 947 759 ζὼς
971 605 1132 728 ,sid-32
1154 631 1279 712 d-lrle
1302 615 1383 736 &³332

367 839 474 904 »Num
503 841 622 904 reliciat
648 841 814 925 quisquam
843 842 1007 925 miracula,
1022 842 1256 926 prophetarum,
1287 863 1384 927 quum

285 950 318 1014 in
354 957 388 1012 te
417 959 450 1012 et
474 949 505 1012 in
535 949 606 1033 eis,
640 968 721 1032 quae
765 967 808 1012 ex
849 943 992 1032 tempore
1028 951 1156 1029 fundis,
1193 953 1385 1018 carminibus

289 1058 470 1140 exemplum
490 1053 559 1120 sict

368 1163 427 1226 „Si
447 1162 538 1243 poesi
559 1169 615 1224 tua
636 1158 784 1224 Pleiades
802 1158 961 1245 laudares,
986 1181 1083 1245 supra
1105 1165 1205 1228 solem
1227 1167 1386 1247 superbae

284 1290 322 1334 se
343 1269 504 1332 efferrent.
1278 1293 1282 1300 ·

366 1375 538 1458 „Singulos
561 1375 630 1436 eius
652 1392 767 1438 versus
788 1373 933 1456 planetas
954 1396 1029 1442 esso
1050 1389 1192 1463 putares,
1214 1392 1247 1446 et
1267 1403 1385 1448 unum-

285 1483 433 1570 quodque
453 1505 580 1552 carmeu
602 1492 759 1548 rotantem
783 1484 864 1547 coeli
886 1485 1005 1548 orbern.

369 1595 577 1666 „Postremus
609 1593 781 1656 declinavit
811 1613 831 1656 a
865 1594 920 1658 via
957 1596 1094 1677 priorum
1130 1604 1163 1660 et
1202 1596 1322 1662 deiecit
1334 1603 1361 1672 ¹)
1367 1643 1381 1675 ,

195 1767 196 1774 χ
288 1701 335 1765 sio
355 1721 420 1764 nox
440 1701 560 1764 mensis
582 1707 726 1763 extrema
745 1700 884 1764 maxime
905 1701 1080 1784 caliginosa
1102 1713 1161 1768 est.

369 1809 535 1874 „Laudem
572 1808 694 1892 absque
729 1809 918 1875 liberalitato
956 1814 1090 1894 assequi
1125 1833 1219 1876 nemo
1258 1825 1383 1896 potcst3

265 1939 360 1999 ,num
383 1920 424 1984 ab
445 1918 667 1984 arbore-arida
689 1918 813 1982 fructus
835 1929 1007 2000 carpentur
1015 1919 1068 1993 ll?

368 2034 427 2098 nSi
447 2035 528 2096 illius
549 2033 621 2095 aula
642 2042 674 2094 te
696 2035 853 2114 extrusit,
882 2051 944 2094 noo
965 2033 1038 2094 ideo
1059 2035 1180 2098 factum
1201 2047 1269 2113 est,
1301 2041 1386 2120 quod

287 2150 322 2204 to
342 2143 435 2223 parvi
453 2137 643 2220 pendiderit,
664 2137 724 2199 sed
744 2137 890 2218 lryaooae
910 2137 1008 2200 fovea
1032 2141 1198 2222 angustior
1223 2151 1274 2208 est
1292 2165 1388 2229 quam

291 2257 327 2312 ut
347 2250 470 2313 leonem
497 2246 611 2328 capiat

371 2357 441 2420 „Tu
464 2355 551 2418 ensis
572 2371 620 2431 es,
643 2371 752 2435 quem,
775 2355 969 2416 ornamentis
995 2355 1068 2417 licet
1098 2353 1294 2440 destitutum,
1321 2361 1386 2422 ful-

290 2488 351 2552 gor
372 2476 405 2530 et
425 2465 514 2528 acies
533 2483 596 2526 non
617 2461 816 2538 leuduno).

374 2573 479 2656 „Equi
499 2589 642 2652 cursum,
662 2571 766 2651 stapla
785 2590 862 2634 auro
885 2573 1013 2654 perfusa
1033 2593 1096 2636 non
1118 2575 1283 2640 accelerat.

372 2684 507 2765 »Equus
528 2700 607 2744 auro
629 2687 794 2761 torquatus
823 2699 895 2744 cum
923 2688 1034 2767 equite
1059 2684 1215 2748 interdum
1235 2701 1385 2765 procum·

290 2793 345 2871 bit,
370 2811 465 2876 quum
485 2789 593 2874 pulvis
616 2788 826 2870 (certantium
848 2790 1041 2873 frequentia)
1061 2793 1283 2856 condensatur.

248 3205 250 3211 Α
345 3156 375 3237 ¹)
400 3153 742 3218 §emaum-Eddaulam
759 3155 888 3217 innuere
913 3151 1053 3232 videtur,
1080 3152 1384 3219 Adhod·Eddaulae

291 3255 389 3320 lilium
426 3259 460 3315 et
474 3271 726 3338 successorem,
767 3253 839 3338 qui,
876 3253 976 3335 patris
1015 3252 1198 3342 dissimilis,
1231 3253 1377 3317 vecirum

290 3345 376 3420 illun'r
390 3362 425 3418 et
437 3373 568 3416 munere
594 3363 639 3440 et,
662 3373 725 3435 qua
750 3352 835 3436 apud
860 3361 985 3436 patrem
1012 3353 1178 3442 floruerat,
1204 3353 1309 3440 gratia
1327 3372 1384 3414 or-

292 3455 392 3522 navit
438 3459 443 3467 '

340 3581 373 3674 ²)
401 3589 619 3657 Liberalitatis
656 3593 784 3652 nomine
808 3586 1024 3670 profusionem
1060 3607 1174 3653 ornare
1201 3597 1297 3670 atque
1323 3607 1385 3650 ex·

295 3677 413 3755 cusare
438 3689 560 3776 studet,
587 3689 680 3754 cuius
705 3707 804 3753 causa
827 3688 882 3750 ille
906 3688 1038 3751 munere
1063 3695 1205 3751 remotus
1230 3686 1344 3750 iuerat.

343 3806 375 3898 ³)
402 3813 459 3879 Sc.
484 3813 591 3876 virtus
621 3822 678 3877 tua
690 3858 703 3900 ,
739 3813 803 3876 etsi
828 3812 917 3898 regis
943 3813 1049 3897 gratia
1073 3823 1108 3876 et
1131 3813 1283 3875 honorum
1309 3811 1384 3898 dig-

295 3918 395 3980 nitate
422 3912 578 3977 destituta
602 3913 657 3999 sit,
683 3913 883 3978 nihilomiuus
898 3920 1003 3976 mmen
1026 3913 1101 3994 ipsa
1125 3930 1184 3993 per
1210 3930 1249 3975 se
1266 3913 1383 3981 elucet.

295 4012 382 4082 ldem
406 4015 475 4080 lere
500 4013 668 4098 sequentia
691 4011 792 4078 variis
817 4011 1005 4098 imaginibus
1029 4011 1198 4077 illustrant.
