3070 4720
323 337 473 420 „Ventus
499 351 568 398 sum
594 334 700 400 roton
724 331 864 412 (mineio
894 333 967 396 sive
999 337 1153 419 cymba),
1178 357 1220 402 ex
1245 341 1332 424 ligno

246 453 325 517 mori
346 452 466 516 arboris
481 449 638 530 coniectu,
658 468 750 530 quern
767 448 914 512 membris
931 450 1095 532 costisque
1113 452 1202 517 inber
1222 459 1329 519 securi

244 571 420 648 instructus
446 567 636 636 muniverat.

319 689 417 772 „Pice
443 689 621 752 iiiinobttur
658 687 809 750 scabioso
841 685 919 748 iicet
957 705 1020 747 non
1054 696 1163 768 esset3
1200 697 1329 769 putares

244 805 354 873 illitum
392 807 531 889 liquore,
568 805 621 886 qui
660 824 703 867 ex
741 803 932 866 cemeiorom
967 805 1072 884 cupito
1115 823 1198 886 pone
1231 827 1329 872 auree

243 914 420 1003 emenut¹).

318 1041 454 1120 „Neque
479 1040 658 1102 siccitatem
684 1038 815 1102 curebnt
838 1035 1056 1121 invadentem,
1080 1059 1184 1121 neque
1215 1039 1331 1107 herbae

245 1155 414 1239 pabulique
437 1157 529 1238 copia
552 1154 727 1240 gaudebat.
1124 1220 1128 1225 ,
1292 1147 1298 1166 ’

320 1273 484 1350 „incessit
508 1282 542 1334 et
567 1270 781 1334 Anbnrurb
806 1273 969 1334 incolumis
997 1293 1056 1336 nos
1082 1275 1223 1356 advexit,
1255 1285 1331 1364 ugi-

245 1396 312 1451 tutt
335 1396 368 1450 ot
391 1389 545 1469 propulso
569 1409 626 1469 per
652 1387 754 1450 undas
782 1398 816 1452 et
838 1389 1004 1453 fluentum.

243 1525 246 1530 ·
311 1503 455 1582 „Deinde
482 1505 693 1570 Foresiie
717 1505 845 1568 tradidit
869 1525 940 1568 erm
965 1506 1160 1587 hominibus,
1185 1514 1236 1592 qni
1261 1533 1331 1578 eom

244 1619 521 1684 circumduxerunt
538 1631 572 1684 et
594 1628 626 1686 in
641 1624 711 1686 ioco
730 1632 869 1709 angusto
888 1630 1053 1690 iusserunt
1071 1625 1329 1715 occumbere¹)“.

318 1739 485 1802 Hactenus
510 1741 551 1804 de
578 1741 712 1827 figuris3
739 1761 821 1822 queo
846 1729 970 1824 quidem
995 1765 1057 1807 non
1081 1746 1112 1806 in
1137 1747 1246 1811 verbis
1272 1752 1331 1814 sed

245 1853 275 1916 iu
301 1869 398 1921 sensu
424 1867 607 1921 cernuntur.
657 1859 691 1920 N
694 1877 755 1922 uno
781 1859 821 1922 ud
847 1881 887 1922 eo
912 1861 1028 1952 venio2'
1065 1883 1148 1944 quoe
1175 1865 1205 1926 in
1232 1885 1332 1930 sensu

244 1969 338 2032 simui
363 1979 396 2034 et
418 1972 540 2057 verbis,
579 1982 634 2037 out
658 1975 689 2036 in
716 1974 765 2036 his
792 1977 871 2038 solis
899 1978 1005 2056 positu
1031 1987 1115 2041 sunt·
1166 1981 1270 2067 Haec,
1303 1989 1333 2049 si

243 2086 334 2150 modo
360 2089 464 2152 omniu
488 2109 552 2153 uno
577 2091 789 2171 appellatione
815 2092 1087 2170 comprehendere
1112 2094 1187 2155 iicet
1199 2140 1210 2179 ‚
1236 2098 1330 2163 lusus

245 2207 415 2270 verborum
425 2209 628 2288 vocabimus3
655 2209 707 2288 qui
732 2214 827 2287 quum
853 2206 935 2289 opud
958 2220 1071 2290 poetes
1096 2223 1228 2276 veteres
1249 2236 1331 2278 non-

244 2324 306 2387 nisi
331 2343 460 2406 perrsro
487 2325 628 2406 et·quasi
645 2326 726 2386 uitro
745 2332 949 2385 occurrentes
969 2331 1176 2410 reperiuntur,
1203 2341 1329 2415 posteo,

244 2441 316 2506 dunt
342 2452 515 2506 enervetur
542 2442 643 2525 magis
668 2442 831 2523 magisque
859 2445 968 2528 poesis
996 2450 1092 2521 etque
1118 2443 1258 2506 inanitati
1275 2444 1328 2507 t'u-

245 2568 347 2623 tutum
374 2559 538 2641 quemdum
565 2568 708 2625 ornatum
737 2558 947 2640 praetendere
971 2559 1090 2644 studet,
1118 2559 1268 2622 maiorem
1295 2560 1326 2622 in

244 2674 313 2738 dies
341 2675 444 2736 locum
469 2674 619 2750 obtinent.
670 2676 730 2738 His
763 2684 868 2738 sutem
894 2674 1062 2737 Abui-Alu
1088 2673 1200 2756 p'oetos
1227 2694 1326 2756 supe-

245 2792 345 2862 riores
367 2809 478 2862 omnes
502 2791 598 2877 longe
624 2794 800 2877 superavit,
825 2793 875 2855 his
897 2791 1021 2855 detritis
1039 2811 1137 2874 saepe
1157 2801 1211 2864 eut
1227 2791 1330 2856 humi·

243 2907 324 2970 libus
345 2911 514 2971 sententiis
538 2914 694 2980 novitatis
721 2909 865 2972 stimulos
891 2907 1008 2970 addere
1034 2921 1168 2972 conotus
1194 2919 1254 2989 est,
1279 2911 1329 2974 his

276 3231 321 3328 Ὗ)
348 3247 485 3311 Cornelis
512 3249 669 3312 scabiosis
694 3245 765 3329 pice
791 3245 869 3308 iiiito
892 3246 1012 3309 mederi
1030 3249 1197 3332 sciebant3
1224 3249 1327 3314 hemi-

244 3346 360 3418 stiodrio
402 3348 503 3412 eitero
529 3348 648 3429 picem,
682 3366 744 3429 qne
768 3345 890 3426 scopha
916 3348 1012 3409 oblito
1036 3356 1123 3427 erni,
1164 3360 1326 3432 comperet

245 3465 314 3509 cum
343 3447 459 3512 sudore
486 3448 587 3532 nigro,
614 3447 664 3528 qui
690 3469 731 3510 ex
757 3446 920 3508 tuberibus
945 3447 976 3508 in
995 3447 1105 3510 corneli
1124 3452 1229 3532 capite
1244 3470 1327 3532 pone

245 3565 339 3610 eures
366 3547 475 3629 positis
503 3548 587 3610 soiet
613 3547 759 3610 effluere.

291 3663 324 3754 ²)
359 3659 511 3735 Anbtr'
532 3680 565 3733 et
601 3671 791 3734 Feresiio
824 3672 919 3732 urbes
954 3673 1096 3762 suntad
1131 3675 1326 3754 Euphratem

247 3771 340 3856 sitne,
366 3787 495 3852 quorum
520 3777 551 3836 in
574 3773 674 3836 nitere
691 3772 848 3850 navicula,
874 3789 936 3850 qus
954 3769 1120 3839 Abu-An
1140 3772 1327 3855 vehebatur,

246 3891 266 3938 e
292 3869 459 3954 prneiectis
486 3872 610 3945 Suitoni
637 3871 866 3953 comprehenso
891 3879 986 3952 utque
1004 3882 1127 3938 retento
1144 3871 1215 3934 fuit.
1256 3875 1328 3936 tino

246 3991 363 4036 versun
389 3975 516 4035 ultimus
542 3972 662 4035 uiiudit.
