3070 4720
694 237 896 300 ..θμ-

170 439 175 446 ’
253 455 420 518 lliwanum
449 441 619 508 collaudat:
646 439 750 534 &³³ss
780 424 878 502 seii-,e
903 457 946 504 σο
971 429 1046 515 &⁹
1071 413 1210 481 etant
1237 419 1277 476 ‚tr
1301 415 1341 508 Ol

253 569 402 670 {aad}
424 584 504 645 ow
531 535 1101 632 ssmffllbufflapttuffla
1122 539 1210 632 ὦ*
1233 530 1343 612 ἳὲᾙῐ

198 673 579 772 '‘sesi-listis&
605 664 702 750 ω)
727 659 904 750 ayllo-
929 650 1030 718 ’3-9
1056 653 1105 732 35
1128 651 1199 748 &t
1229 647 1342 738 suppleti

258 805 374 882 »Aqua
390 796 555 861 laeundiae
575 789 689 853 delluit
707 806 749 847 ex
762 785 832 845 eius
855 777 1007 842 aediliciis
1027 774 1225 855 (versibus),
1236 772 1344 856 fulgor

257 901 456 1000 eloquentiae
482 909 631 993 splendet
642 911 673 967 ln
689 905 757 966 eius
775 900 933 979 sensibus,
949 893 1076 956 artificii
1095 892 1188 972 lepos
1205 889 1344 951 illustrat

251 1019 376 1114 'aliquot
401 1033 468 1094 eius
489 1044 642 1090 versuum
656 1032 750 1102 atque
763 1021 891 1097 insuper
911 1029 1021 1073 omues
1043 1008 1248 1098 scientiarum
1264 1004 1344 1066 sub-

162 1169 165 1176 '
257 1153 391 1214 tilitates
418 1143 634 1225 complectitur
670 1147 765 1219 atque
804 1133 937 1194 intuitus
973 1126 1183 1206 (allusiones)
1217 1122 1344 1184 areanis

259 1265 431 1330 reconditis
459 1260 611 1324 similes«
665 1258 792 1335 Nempe
818 1251 870 1313 lrio
887 1241 989 1331 pravo'
1002 1246 1120 1308 aetatis
1136 1243 1219 1305 illius
1229 1241 1345 1308 iudicio

260 1390 431 1463 oorruptus
457 1398 496 1440 ea
522 1379 593 1457 ipsa
618 1359 806 1437 Abul·Alae
834 1367 920 1432 laudi
939 1367 1054 1447 uertit,
1083 1380 1165 1442 quae
1190 1377 1250 1422 uos
1267 1357 1347 1421 vitia

262 1501 331 1564 elus
357 1498 496 1560 maxima
520 1493 705 1574 dixerimus,
741 1487 876 1551 artllloia
908 1483 1030 1546 scilicet
1056 1477 1181 1543 dicendi
1206 1487 1242 1540 et
1265 1477 1347 1541 allu-

135 1601 136 1606 ἵ
261 1617 386 1677 siouum
412 1615 632 1675 abstrusamm
658 1608 769 1671 malam
797 1603 1019 1687 captationem.

338 1737 460 1798 Verum
486 1733 570 1814 apud
595 1751 655 1794 nos
681 1729 778 1791 etiam
803 1729 899 1787 miror
923 1739 1015 1801 quam
1037 1716 1218 1779 benevolos
1245 1712 1348 1776 Abul-

203 1924 208 1931 ,
265 1855 326 1918 Ala
351 1861 465 1915 nactus
492 1857 534 1912 sit
560 1850 694 1931 iudieeS,
720 1862 820 1926 neque
846 1839 939 1902 facile
964 1823 1145 1918 inanimum
1163 1831 1350 1915 induxerim,

158 2035 163 2040 .
258 1971 346 2032 satis
373 1975 502 2050 penitus
534 1971 696 2049 cognitam
735 1972 832 2043 atque
876 1956 1075 2036 exploratam
1117 1953 1285 2015 Relskinm
1320 1962 1353 2015 et

241 2086 432 2148 ..lonesium
459 2084 529 2142 eius
557 2085 667 2159 poesin
691 2078 855 2155 babuisse,
881 2072 934 2151 qui
954 2089 1025 2129 eam
1041 2087 1111 2131 eum
1138 2069 1356 2146 praestantis-

209 2171 220 2186 ν
267 2201 356 2262 simis
382 2197 537 2278 Aeschyli
564 2193 691 2256 Pindari
708 2186 936 2265 Theoori'tique
954 2183 1153 2262 poematibus
1170 2202 1356 2265 comparare

267 2335 329 2378 nou
356 2294 571 2380 dubitaverint
597 2307 680 2389 (vid.
709 2302 1015 2368 Jones.Comment.
1045 2299 1356 2380 Poes.Asiat.p.63

269 2441 301 2502 et
327 2431 428 2519 297.)
451 2432 542 2492 Haeo
568 2434 641 2490 sunt
668 2421 792 2490 Reislrii
818 2418 919 2480 verba
944 2418 976 2478 ln
1002 2416 1134 2497 prologo
1153 2416 1194 2477 ad
1217 2415 1354 2478 'farefare

270 2547 462 2610 bloollalram
488 2545 621 2630 pagrss:
652 2537 853 2618 nAbul-Ala,
880 2536 1020 2598 divinum
1044 2534 1217 2618 ingenium,
1236 2534 1355 2612 culpat

271 2680 332 2722 non
358 2660 443 2722 loret
468 2660 549 2721 inter
575 2661 712 2741 Arabos,
739 2656 801 2716 nisi
829 2652 1047 2733 Aeschyleom
1073 2667 1162 2712 suam
1179 2654 1304 2732 poesin,
1322 2658 1356 2710 ut

169 2767 176 2790 ¹
272 2781 318 2840 ita
344 2777 456 2859 dicem,
483 2777 593 2857 porris
618 2775 703 2836 betis
733 2768 924 2851 lduripidiois
951 2766 1182 2850 inspersisset,
1216 2734 1368 2829 ⁸sublimis¹

275 2903 380 2976 poeta·
396 2894 489 2976 alias,
516 2911 620 2975 rarus,
646 2893 784 2973 inquam,
819 2886 870 2945 ille
907 2894 941 2946 et
976 2879 1186 2944 miraculosus
1227 2894 1359 2947 naturae

276 3009 404 3072 loetuso
423 3020 485 3071 ete.
515 3011 605 3070 Haeo
619 3009 739 3068 citasse
753 3001 903 3064 sufficiat.
933 2991 1131 3079 Quamquam
1155 3000 1287 3063 iniurius
1299 3005 1359 3067 sim

229 3189 232 3196 ,
277 3124 381 3188 lamae
406 3126 467 3186 viri
494 3125 675 3207 elarlssimi,
702 3123 759 3184 nisi
786 3118 897 3202 dieam,
924 3117 1014 3179 annis
1039 3115 1219 3197 studiisque
1252 3129 1359 3182 matu-

279 3241 396 3302 riorem
413 3261 547 3322 prorsus
571 3241 663 3303 aliter
688 3239 859 3300 Reisklum
884 3235 923 3298 de
947 3232 1135 3299 Abul-Aloe
1149 3235 1284 3316 eiusque
1301 3255 1360 3297 ae-

281 3357 416 3437 qualium
433 3350 533 3438 ‘poesi
548 3357 705 3419 sensisse.
721 3353 812 3442 (Vid.
825 3351 913 3416 Orat.
925 3349 1007 3415 stud.
1024 3351 1100 3434 ling.
1121 3370 1166 3412 ar.
1187 3340 1362 3418 eommeud.

281 3490 311 3551 p.
339 3473 440 3556 261.)
466 3474 592 3537 Illorum
621 3480 726 3535 autem
745 3477 877 3550 utroque
897 3466 1072 3531 modestius
1089 3455 1183 3540 simul
1208 3475 1241 3527 et
1254 3469 1362 3528 verius

283 3589 518 3656 illustrissimus
544 3592 636 3674 Sylv.
667 3589 705 3652 de
730 3589 818 3670 Saoy
844 3572 1007 3666 iudicavit,
1026 3583 1228 3647 cuiusverba
1246 3599 1362 3662 operae

284 3705 416 3796 pretium
444 3716 493 3772 est
513 3708 708 3771 adscribere:
735 3697 933 3769 Abou'l-Alo
958 3703 1061 3783 paralt
1086 3701 1176 3764 avoir
1202 3703 1267 3779 pris
1287 3700 1363 3762 Mo-

285 3819 411 3886 te'nabbi
436 3843 516 3904 pour
541 3822 677 3895 moddle.
704 3833 737 3886 et
754 3813 804 3885 s’il
830 3822 873 3883 lul
888 3817 1064 3882 ressemble
1090 3837 1146 3898 par
1163 3835 1225 3878 une
1244 3814 1364 3901 grande

286 3939 512 4006 oonnaissauoe
538 3943 577 4006 de
602 3945 633 4006 la
659 3944 775 4026 langue
801 3938 907 4020 arabe,
935 3953 976 3996 on
1002 3935 1094 3997 dirait
1132 3932 1221 3996 aussi
1249 3924 1321 4013 qu’il
1346 3911 1384 3995 a

286 4053 351 4134 pris
378 4051 397 4118 d
414 4059 508 4125 liobe
528 4059 701 4127 d'enebe'rir
718 4078 774 4120 sur
791 4074 846 4118 ses
863 4053 1068 4135 hyperboles,
1081 4070 1137 4112 sur
1154 4048 1370 4112 labinarrerle
