<?xml version="1.0" encoding="UTF-8"?>
<!DOCTYPE html PUBLIC "-//W3C//DTD XHTML 1.0 Transitional//EN"
    "http://www.w3.org/TR/xhtml1/DTD/xhtml1-transitional.dtd">
<html xmlns="http://www.w3.org/1999/xhtml" xml:lang="en" lang="en">
 <head>
  <title>
</title>
<meta http-equiv="Content-Type" content="text/html;charset=utf-8" />
  <meta name='ocr-system' content='tesseract 3.04.00' />
  <meta name='ocr-capabilities' content='ocr_page ocr_carea ocr_par ocr_line ocrx_word'/>
</head>
<body>
  <div class='ocr_page' id='page_1' title='image "./carolirieudeabu00rieugoog_0053.png"; bbox 0 0 3056 4724; ppageno 0'>
   <div class='ocr_carea' id='block_1_1' title="bbox 718 213 925 284">
    <p class='ocr_par' dir='ltr' id='par_1_1' title="bbox 718 213 925 284">
     <span class='ocr_line' id='line_1_1' title="bbox 718 213 925 284; baseline 0.005 -21"><span class='ocrx_word' id='word_1_1' title='bbox 718 213 925 284; x_wconf 61' lang='grc' dir='ltr'>..ω-</span> 
     </span>
    </p>
   </div>
   <div class='ocr_carea' id='block_1_2' title="bbox 289 405 1383 1223">
    <p class='ocr_par' dir='ltr' id='par_1_2' title="bbox 293 405 1380 617">
     <span class='ocr_line' id='line_1_2' title="bbox 390 405 1380 491; baseline 0.002 -16"><span class='ocrx_word' id='word_1_2' title='bbox 390 405 684 475; x_wconf 66' lang='lat' dir='ltr'><strong>commmunia</strong></span> <span class='ocrx_word' id='word_1_3' title='bbox 707 405 863 470; x_wconf 76' lang='lat' dir='ltr'><strong>Dominus</strong></span> <span class='ocrx_word' id='word_1_4' title='bbox 898 415 973 470; x_wconf 83' lang='lat' dir='ltr'><strong>tuus</strong></span> <span class='ocrx_word' id='word_1_5' title='bbox 1004 405 1178 491; x_wconf 81' lang='lat' dir='ltr'><strong>Paradisu3</strong></span> <span class='ocrx_word' id='word_1_6' title='bbox 1210 409 1289 476; x_wconf 81' lang='lat' dir='ltr'><strong>haec</strong></span> <span class='ocrx_word' id='word_1_7' title='bbox 1326 420 1380 476; x_wconf 87' lang='lat' dir='ltr'><strong>est</strong></span> 
     </span>
     <span class='ocr_line' id='line_1_3' title="bbox 293 523 1345 617; baseline 0 -25"><span class='ocrx_word' id='word_1_8' title='bbox 293 528 418 611; x_wconf 85' lang='lat' dir='ltr'><strong>domus,</strong></span> <span class='ocrx_word' id='word_1_9' title='bbox 444 541 543 617; x_wconf 78' lang='lat' dir='ltr'><strong>quae,</strong></span> <span class='ocrx_word' id='word_1_10' title='bbox 562 524 641 611; x_wconf 19' lang='lat' dir='ltr'><strong>suet</strong></span> <span class='ocrx_word' id='word_1_11' title='bbox 667 523 798 606; x_wconf 78' lang='lat' dir='ltr'><strong>pulchra</strong></span> <span class='ocrx_word' id='word_1_12' title='bbox 823 527 877 604; x_wconf 81' lang='lat' dir='ltr'><strong>sit,</strong></span> <span class='ocrx_word' id='word_1_13' title='bbox 901 523 993 588; x_wconf 84' lang='lat' dir='ltr'><strong>bouis</strong></span> <span class='ocrx_word' id='word_1_14' title='bbox 1017 525 1138 590; x_wconf 82' lang='lat' dir='ltr'><strong>illicitis</strong></span> <span class='ocrx_word' id='word_1_15' title='bbox 1162 531 1345 612; x_wconf 70' lang='lat' dir='ltr'><strong>corrumpit.</strong></span> 
     </span>
    </p>

    <p class='ocr_par' dir='ltr' id='par_1_3' title="bbox 292 647 1382 969">
     <span class='ocr_line' id='line_1_4' title="bbox 394 647 1382 730; baseline 0.006 -16"><span class='ocrx_word' id='word_1_16' title='bbox 394 647 771 730; x_wconf 61' lang='lat' dir='ltr'><strong>summaquense</strong></span> <span class='ocrx_word' id='word_1_17' title='bbox 805 657 971 712; x_wconf 82' lang='lat' dir='ltr'><strong>autumant</strong></span> <span class='ocrx_word' id='word_1_18' title='bbox 1003 649 1045 712; x_wconf 78' lang='lat' dir='ltr'><strong>ab</strong></span> <span class='ocrx_word' id='word_1_19' title='bbox 1078 654 1160 716; x_wconf 84' lang='lat' dir='ltr'><strong>cuni</strong></span> <span class='ocrx_word' id='word_1_20' title='bbox 1191 656 1382 720; x_wconf 76' lang='lat' dir='ltr'><strong>aeternitate</strong></span> 
     </span>
     <span class='ocr_line' id='line_1_5' title="bbox 293 765 1382 852; baseline -0.005 -17"><span class='ocrx_word' id='word_1_21' title='bbox 293 780 389 851; x_wconf 85' lang='lat' dir='ltr'><strong>atque</strong></span> <span class='ocrx_word' id='word_1_22' title='bbox 414 769 484 852; x_wconf 80' lang='lat' dir='ltr'><strong>ipsa</strong></span> <span class='ocrx_word' id='word_1_23' title='bbox 508 768 579 832; x_wconf 83' lang='lat' dir='ltr'><strong>eiua</strong></span> <span class='ocrx_word' id='word_1_24' title='bbox 602 774 719 830; x_wconf 81' lang='lat' dir='ltr'><strong>natma</strong></span> <span class='ocrx_word' id='word_1_25' title='bbox 742 765 859 851; x_wconf 74' lang='lat' dir='ltr'><strong>fonsae,</strong></span> <span class='ocrx_word' id='word_1_26' title='bbox 884 773 919 828; x_wconf 87' lang='lat' dir='ltr'><strong>et</strong></span> <span class='ocrx_word' id='word_1_27' title='bbox 937 765 1272 849; x_wconf 77' lang='lat' dir='ltr'><strong>animantiatanqurrn</strong></span> <span class='ocrx_word' id='word_1_28' title='bbox 1288 773 1382 852; x_wconf 43' lang='lat' dir='ltr'><strong>piane</strong></span> 
     </span>
     <span class='ocr_line' id='line_1_6' title="bbox 292 875 620 969; baseline -0.003 -20"><span class='ocrx_word' id='word_1_29' title='bbox 292 894 346 950; x_wconf 78' lang='lat' dir='ltr'><strong>tu</strong></span> <span class='ocrx_word' id='word_1_30' title='bbox 369 905 412 950; x_wconf 78' lang='lat' dir='ltr'><strong>aa</strong></span> <span class='ocrx_word' id='word_1_31' title='bbox 436 884 571 969; x_wconf 86' lang='lat' dir='ltr'><strong>produci</strong></span> <span class='ocrx_word' id='word_1_32' title='bbox 579 875 620 963; x_wconf 81' lang='lat'><strong>¹).</strong></span> 
     </span>
    </p>

    <p class='ocr_par' dir='ltr' id='par_1_4' title="bbox 289 1019 1383 1223">
     <span class='ocr_line' id='line_1_7' title="bbox 393 1019 1383 1109; baseline -0.001 -22"><span class='ocrx_word' id='word_1_33' title='bbox 393 1023 538 1087; x_wconf 73' lang='lat' dir='ltr'><strong>uliutura</strong></span> <span class='ocrx_word' id='word_1_34' title='bbox 562 1029 615 1084; x_wconf 89' lang='lat' dir='ltr'><strong>est</strong></span> <span class='ocrx_word' id='word_1_35' title='bbox 636 1019 727 1100; x_wconf 83' lang='lat' dir='ltr'><strong>dies,</strong></span> <span class='ocrx_word' id='word_1_36' title='bbox 763 1039 827 1104; x_wconf 87' lang='lat' dir='ltr'><strong>qua</strong></span> <span class='ocrx_word' id='word_1_37' title='bbox 861 1020 1055 1084; x_wconf 85' lang='lat' dir='ltr'><strong>dormientes</strong></span> <span class='ocrx_word' id='word_1_38' title='bbox 1079 1032 1273 1109; x_wconf 78' lang='lat' dir='ltr'><strong>resurgent,</strong></span> <span class='ocrx_word' id='word_1_39' title='bbox 1307 1021 1383 1106; x_wconf 72' lang='lat' dir='ltr'><strong>post</strong></span> 
     </span>
     <span class='ocr_line' id='line_1_8' title="bbox 289 1137 1163 1223; baseline -0.003 -20"><span class='ocrx_word' id='word_1_40' title='bbox 289 1157 386 1223; x_wconf 87' lang='lat' dir='ltr'><strong>quam</strong></span> <span class='ocrx_word' id='word_1_41' title='bbox 409 1157 488 1202; x_wconf 86' lang='lat' dir='ltr'><strong>ussa</strong></span> <span class='ocrx_word' id='word_1_42' title='bbox 511 1137 648 1201; x_wconf 86' lang='lat' dir='ltr'><strong>contrita</strong></span> <span class='ocrx_word' id='word_1_43' title='bbox 673 1142 768 1219; x_wconf 86' lang='lat' dir='ltr'><strong>atque</strong></span> <span class='ocrx_word' id='word_1_44' title='bbox 792 1137 986 1200; x_wconf 77' lang='lat' dir='ltr'><strong>comminuta</strong></span> <span class='ocrx_word' id='word_1_45' title='bbox 1012 1137 1163 1205; x_wconf 76' lang='lat' dir='ltr'><strong>fuerint«</strong></span> 
     </span>
    </p>
   </div>
   <div class='ocr_carea' id='block_1_3' title="bbox 213 1277 1382 2652">
    <p class='ocr_par' dir='ltr' id='par_1_5' title="bbox 213 1277 1382 2652">
     <span class='ocr_line' id='line_1_9' title="bbox 391 1277 1382 1369; baseline 0.005 -27"><span class='ocrx_word' id='word_1_46' title='bbox 391 1279 452 1342; x_wconf 86' lang='lat' dir='ltr'><strong>His</strong></span> <span class='ocrx_word' id='word_1_47' title='bbox 480 1278 625 1342; x_wconf 89' lang='lat' dir='ltr'><strong>omnibus</strong></span> <span class='ocrx_word' id='word_1_48' title='bbox 650 1277 732 1340; x_wconf 89' lang='lat' dir='ltr'><strong>satis</strong></span> <span class='ocrx_word' id='word_1_49' title='bbox 762 1277 966 1342; x_wconf 85' lang='lat' dir='ltr'><strong>manifestum</strong></span> <span class='ocrx_word' id='word_1_50' title='bbox 998 1289 1068 1367; x_wconf 89' lang='lat' dir='ltr'><strong>est,</strong></span> <span class='ocrx_word' id='word_1_51' title='bbox 1100 1281 1317 1369; x_wconf 71' lang='lat' dir='ltr'><strong>rihni-Alam,</strong></span> <span class='ocrx_word' id='word_1_52' title='bbox 1350 1283 1382 1346; x_wconf 89' lang='lat' dir='ltr'><strong>in</strong></span> 
     </span>
     <span class='ocr_line' id='line_1_10' title="bbox 290 1396 1379 1483; baseline 0.002 -23"><span class='ocrx_word' id='word_1_53' title='bbox 290 1399 350 1461; x_wconf 91' lang='lat' dir='ltr'><strong>hac</strong></span> <span class='ocrx_word' id='word_1_54' title='bbox 363 1407 449 1462; x_wconf 87' lang='lat' dir='ltr'><strong>certe</strong></span> <span class='ocrx_word' id='word_1_55' title='bbox 462 1399 578 1461; x_wconf 89' lang='lat' dir='ltr'><strong>aetatis</strong></span> <span class='ocrx_word' id='word_1_56' title='bbox 592 1405 696 1483; x_wconf 86' lang='lat' dir='ltr'><strong>parte,</strong></span> <span class='ocrx_word' id='word_1_57' title='bbox 720 1397 913 1460; x_wconf 86' lang='lat' dir='ltr'><strong>immortales</strong></span> <span class='ocrx_word' id='word_1_58' title='bbox 931 1415 1008 1478; x_wconf 85' lang='lat' dir='ltr'><strong>esse</strong></span> <span class='ocrx_word' id='word_1_59' title='bbox 1022 1396 1155 1482; x_wconf 89' lang='lat' dir='ltr'><strong>animos,</strong></span> <span class='ocrx_word' id='word_1_60' title='bbox 1183 1396 1358 1462; x_wconf 88' lang='lat' dir='ltr'><strong>credidisse</strong></span> <span class='ocrx_word' id='word_1_61' title='bbox 1370 1421 1379 1483; x_wconf 85' lang='lat'>3</span> 
     </span>
     <span class='ocr_line' id='line_1_11' title="bbox 234 1513 1380 1606; baseline 0.003 -28"><span class='ocrx_word' id='word_1_62' title='bbox 234 1535 237 1540; x_wconf 91' lang='lat'>·</span> <span class='ocrx_word' id='word_1_63' title='bbox 288 1514 374 1596; x_wconf 86' lang='lat' dir='ltr'><strong>quod</strong></span> <span class='ocrx_word' id='word_1_64' title='bbox 398 1516 427 1578; x_wconf 87' lang='lat' dir='ltr'><strong>si</strong></span> <span class='ocrx_word' id='word_1_65' title='bbox 450 1515 531 1578; x_wconf 80' lang='lat' dir='ltr'><strong>alias</strong></span> <span class='ocrx_word' id='word_1_66' title='bbox 556 1516 589 1578; x_wconf 88' lang='lat' dir='ltr'><strong>in</strong></span> <span class='ocrx_word' id='word_1_67' title='bbox 612 1515 805 1579; x_wconf 87' lang='lat' dir='ltr'><strong>sententiam</strong></span> <span class='ocrx_word' id='word_1_68' title='bbox 830 1514 1020 1578; x_wconf 80' lang='lat' dir='ltr'><strong>contrmiam</strong></span> <span class='ocrx_word' id='word_1_69' title='bbox 1045 1513 1215 1576; x_wconf 68' lang='lat' dir='ltr'><strong>transiisse</strong></span> <span class='ocrx_word' id='word_1_70' title='bbox 1241 1515 1380 1606; x_wconf 85' lang='lat' dir='ltr'><strong>videtur,</strong></span> 
     </span>
     <span class='ocr_line' id='line_1_12' title="bbox 291 1631 1379 1721; baseline -0.002 -23"><span class='ocrx_word' id='word_1_71' title='bbox 291 1642 367 1698; x_wconf 88' lang='lat' dir='ltr'><strong>snut</strong></span> <span class='ocrx_word' id='word_1_72' title='bbox 391 1641 498 1696; x_wconf 89' lang='lat' dir='ltr'><strong>tamen</strong></span> <span class='ocrx_word' id='word_1_73' title='bbox 523 1633 655 1721; x_wconf 87' lang='lat' dir='ltr'><strong>indicia,</strong></span> <span class='ocrx_word' id='word_1_74' title='bbox 670 1659 671 1664; x_wconf 46' lang='lat'>¹</span> <span class='ocrx_word' id='word_1_75' title='bbox 688 1634 825 1716; x_wconf 88' lang='lat' dir='ltr'><strong>priorem</strong></span> <span class='ocrx_word' id='word_1_76' title='bbox 856 1631 943 1695; x_wconf 88' lang='lat' dir='ltr'><strong>iilam</strong></span> <span class='ocrx_word' id='word_1_77' title='bbox 969 1650 1128 1713; x_wconf 89' lang='lat' dir='ltr'><strong>nunquam</strong></span> <span class='ocrx_word' id='word_1_78' title='bbox 1156 1635 1280 1694; x_wconf 89' lang='lat' dir='ltr'><strong>omnino</strong></span> <span class='ocrx_word' id='word_1_79' title='bbox 1306 1652 1379 1696; x_wconf 89' lang='lat' dir='ltr'><strong>eum</strong></span> 
     </span>
     <span class='ocr_line' id='line_1_13' title="bbox 290 1747 1380 1837; baseline 0 -23"><span class='ocrx_word' id='word_1_80' title='bbox 290 1749 472 1837; x_wconf 86' lang='lat' dir='ltr'><strong>abiecisse,</strong></span> <span class='ocrx_word' id='word_1_81' title='bbox 507 1759 604 1834; x_wconf 86' lang='lat' dir='ltr'><strong>atque</strong></span> <span class='ocrx_word' id='word_1_82' title='bbox 637 1771 678 1814; x_wconf 88' lang='lat' dir='ltr'><strong>aa</strong></span> <span class='ocrx_word' id='word_1_83' title='bbox 713 1755 805 1833; x_wconf 87' lang='lat' dir='ltr'><strong>quasi</strong></span> <span class='ocrx_word' id='word_1_84' title='bbox 831 1749 981 1831; x_wconf 86' lang='lat' dir='ltr'><strong>scrupulo</strong></span> <span class='ocrx_word' id='word_1_85' title='bbox 1007 1747 1184 1812; x_wconf 79' lang='lat' dir='ltr'><strong>inhaerenti</strong></span> <span class='ocrx_word' id='word_1_86' title='bbox 1211 1749 1380 1814; x_wconf 87' lang='lat' dir='ltr'><strong>sollicitum</strong></span> 
     </span>
     <span class='ocr_line' id='line_1_14' title="bbox 289 1841 1381 1932; baseline -0.001 -2"><span class='ocrx_word' id='word_1_87' title='bbox 289 1869 412 1932; x_wconf 84' lang='lat' dir='ltr'><strong>interim</strong></span> <span class='ocrx_word' id='word_1_88' title='bbox 438 1887 478 1932; x_wconf 88' lang='lat' dir='ltr'><strong>ao</strong></span> <span class='ocrx_word' id='word_1_89' title='bbox 502 1841 674 1932; x_wconf 72' lang='lat' dir='ltr'><strong>maciacum</strong></span> <span class='ocrx_word' id='word_1_90' title='bbox 700 1867 815 1932; x_wconf 77' lang='lat' dir='ltr'><strong>fuisse.</strong></span> <span class='ocrx_word' id='word_1_91' title='bbox 844 1865 945 1931; x_wconf 88' lang='lat' dir='ltr'><strong>Cuius</strong></span> <span class='ocrx_word' id='word_1_92' title='bbox 973 1865 1148 1930; x_wconf 74' lang='lat' dir='ltr'><strong>anxietatis</strong></span> <span class='ocrx_word' id='word_1_93' title='bbox 1169 1866 1228 1928; x_wconf 84' lang='lat' dir='ltr'><strong>vel</strong></span> <span class='ocrx_word' id='word_1_94' title='bbox 1251 1864 1315 1929; x_wconf 88' lang='lat' dir='ltr'><strong>hoc</strong></span> <span class='ocrx_word' id='word_1_95' title='bbox 1340 1867 1381 1930; x_wconf 85' lang='lat' dir='ltr'><strong>ab</strong></span> 
     </span>
     <span class='ocr_line' id='line_1_15' title="bbox 288 1981 1382 2066; baseline 0 -18"><span class='ocrx_word' id='word_1_96' title='bbox 288 1984 552 2048; x_wconf 87' lang='lat' dir='ltr'><strong>Ibn-Khallicano</strong></span> <span class='ocrx_word' id='word_1_97' title='bbox 578 1983 730 2047; x_wconf 87' lang='lat' dir='ltr'><strong>traditum</strong></span> <span class='ocrx_word' id='word_1_98' title='bbox 755 1987 837 2046; x_wconf 85' lang='lat' dir='ltr'><strong>satis</strong></span> <span class='ocrx_word' id='word_1_99' title='bbox 852 2001 958 2066; x_wconf 82' lang='lat' dir='ltr'><strong>grave</strong></span> <span class='ocrx_word' id='word_1_100' title='bbox 971 1991 1025 2044; x_wconf 84' lang='lat' dir='ltr'><strong>est</strong></span> <span class='ocrx_word' id='word_1_101' title='bbox 1038 1981 1271 2046; x_wconf 83' lang='lat' dir='ltr'><strong>documentum.</strong></span> <span class='ocrx_word' id='word_1_102' title='bbox 1294 1984 1382 2048; x_wconf 81' lang='lat' dir='ltr'><strong>Nam</strong></span> 
     </span>
     <span class='ocr_line' id='line_1_16' title="bbox 288 2095 1381 2181; baseline -0.002 -17"><span class='ocrx_word' id='word_1_103' title='bbox 288 2099 459 2164; x_wconf 79' lang='lat' dir='ltr'><strong>Menenius</strong></span> <span class='ocrx_word' id='word_1_104' title='bbox 492 2098 546 2160; x_wconf 86' lang='lat' dir='ltr'><strong>iiie</strong></span> <span class='ocrx_word' id='word_1_105' title='bbox 580 2116 681 2179; x_wconf 87' lang='lat' dir='ltr'><strong>snpra</strong></span> <span class='ocrx_word' id='word_1_106' title='bbox 712 2105 909 2161; x_wconf 85' lang='lat' dir='ltr'><strong>memoratus</strong></span> <span class='ocrx_word' id='word_1_107' title='bbox 918 2139 932 2180; x_wconf 91' lang='lat'><strong>,</strong></span> <span class='ocrx_word' id='word_1_108' title='bbox 968 2100 1023 2157; x_wconf 75' lang='lat' dir='ltr'><strong>uir</strong></span> <span class='ocrx_word' id='word_1_109' title='bbox 1056 2113 1200 2159; x_wconf 81' lang='lat' dir='ltr'><strong>summus</strong></span> <span class='ocrx_word' id='word_1_110' title='bbox 1232 2095 1381 2181; x_wconf 83' lang='lat' dir='ltr'><strong>idemque</strong></span> 
     </span>
     <span class='ocr_line' id='line_1_17' title="bbox 213 2210 1380 2299; baseline 0.003 -25"><span class='ocrx_word' id='word_1_111' title='bbox 213 2243 216 2252; x_wconf 79' lang='lat'><em>,</em></span> <span class='ocrx_word' id='word_1_112' title='bbox 288 2222 385 2298; x_wconf 88' lang='lat' dir='ltr'><strong>poeta</strong></span> <span class='ocrx_word' id='word_1_113' title='bbox 417 2212 573 2299; x_wconf 73' lang='lat' dir='ltr'><strong>insigniS,</strong></span> <span class='ocrx_word' id='word_1_114' title='bbox 608 2230 721 2297; x_wconf 86' lang='lat' dir='ltr'><strong>quum,</strong></span> <span class='ocrx_word' id='word_1_115' title='bbox 758 2212 789 2274; x_wconf 91' lang='lat' dir='ltr'><strong>in</strong></span> <span class='ocrx_word' id='word_1_116' title='bbox 820 2211 935 2273; x_wconf 87' lang='lat' dir='ltr'><strong>itinere</strong></span> <span class='ocrx_word' id='word_1_117' title='bbox 963 2210 1101 2292; x_wconf 87' lang='lat' dir='ltr'><strong>quodam</strong></span> <span class='ocrx_word' id='word_1_118' title='bbox 1133 2228 1193 2292; x_wconf 89' lang='lat' dir='ltr'><strong>per</strong></span> <span class='ocrx_word' id='word_1_119' title='bbox 1217 2211 1380 2278; x_wconf 76' lang='lat' dir='ltr'><strong>Matutam</strong></span> 
     </span>
     <span class='ocr_line' id='line_1_18' title="bbox 288 2326 1381 2418; baseline -0.005 -21"><span class='ocrx_word' id='word_1_120' title='bbox 288 2331 459 2416; x_wconf 85' lang='lat' dir='ltr'><strong>transiens,</strong></span> <span class='ocrx_word' id='word_1_121' title='bbox 484 2330 685 2394; x_wconf 79' lang='lat' dir='ltr'><strong>Abul-Alam</strong></span> <span class='ocrx_word' id='word_1_122' title='bbox 702 2327 861 2392; x_wconf 85' lang='lat' dir='ltr'><strong>salutandi</strong></span> <span class='ocrx_word' id='word_1_123' title='bbox 882 2346 981 2391; x_wconf 84' lang='lat' dir='ltr'><strong>causa</strong></span> <span class='ocrx_word' id='word_1_124' title='bbox 997 2327 1142 2418; x_wconf 80' lang='lat' dir='ltr'><strong>adiisset,</strong></span> <span class='ocrx_word' id='word_1_125' title='bbox 1167 2326 1196 2390; x_wconf 82' lang='lat' dir='ltr'><strong>is</strong></span> <span class='ocrx_word' id='word_1_126' title='bbox 1217 2336 1325 2394; x_wconf 81' lang='lat' dir='ltr'><strong>autem</strong></span> <span class='ocrx_word' id='word_1_127' title='bbox 1340 2328 1381 2392; x_wconf 90' lang='lat' dir='ltr'><strong>de</strong></span> 
     </span>
     <span class='ocr_line' id='line_1_19' title="bbox 288 2419 1380 2532; baseline -0.002 -20"><span class='ocrx_word' id='word_1_128' title='bbox 288 2448 377 2512; x_wconf 82' lang='lat' dir='ltr'><strong>vitae</strong></span> <span class='ocrx_word' id='word_1_129' title='bbox 415 2464 492 2512; x_wconf 89' lang='lat' dir='ltr'><strong>suae</strong></span> <span class='ocrx_word' id='word_1_130' title='bbox 517 2447 697 2527; x_wconf 85' lang='lat' dir='ltr'><strong>conditione</strong></span> <span class='ocrx_word' id='word_1_131' title='bbox 718 2448 855 2512; x_wconf 87' lang='lat' dir='ltr'><strong>multum</strong></span> <span class='ocrx_word' id='word_1_132' title='bbox 874 2419 1133 2532; x_wconf 77' lang='lat' dir='ltr'><strong>conquereretur,</strong></span> <span class='ocrx_word' id='word_1_133' title='bbox 1160 2455 1196 2510; x_wconf 90' lang='lat' dir='ltr'><strong>ut</strong></span> <span class='ocrx_word' id='word_1_134' title='bbox 1211 2448 1262 2528; x_wconf 88' lang='lat' dir='ltr'><strong>qui</strong></span> <span class='ocrx_word' id='word_1_135' title='bbox 1275 2447 1380 2510; x_wconf 89' lang='lat' dir='ltr'><strong>homi·</strong></span> 
     </span>
     <span class='ocr_line' id='line_1_20' title="bbox 287 2562 1381 2652; baseline 0.004 -26"><span class='ocrx_word' id='word_1_136' title='bbox 287 2582 361 2628; x_wconf 91' lang='lat' dir='ltr'><strong>num</strong></span> <span class='ocrx_word' id='word_1_137' title='bbox 385 2563 539 2626; x_wconf 84' lang='lat' dir='ltr'><strong>societate</strong></span> <span class='ocrx_word' id='word_1_138' title='bbox 565 2563 717 2628; x_wconf 87' lang='lat' dir='ltr'><strong>exclusus</strong></span> <span class='ocrx_word' id='word_1_139' title='bbox 743 2575 854 2652; x_wconf 86' lang='lat' dir='ltr'><strong>osset,</strong></span> <span class='ocrx_word' id='word_1_140' title='bbox 888 2573 984 2646; x_wconf 87' lang='lat' dir='ltr'><strong>atque</strong></span> <span class='ocrx_word' id='word_1_141' title='bbox 1021 2566 1105 2626; x_wconf 89' lang='lat' dir='ltr'><strong>omni</strong></span> <span class='ocrx_word' id='word_1_142' title='bbox 1136 2562 1231 2638; x_wconf 30' lang='lat' dir='ltr'><strong>nodo·</strong></span> <span class='ocrx_word' id='word_1_143' title='bbox 1261 2565 1300 2626; x_wconf 86' lang='lat' dir='ltr'><strong>ab</strong></span> <span class='ocrx_word' id='word_1_144' title='bbox 1334 2565 1381 2630; x_wconf 82' lang='lat' dir='ltr'><strong>eis</strong></span> 
     </span>
    </p>
   </div>
   <div class='ocr_carea' id='block_1_4' title="bbox 169 2679 1381 2762">
    <p class='ocr_par' dir='ltr' id='par_1_6' title="bbox 169 2679 1381 2762">
     <span class='ocr_line' id='line_1_21' title="bbox 169 2679 1381 2762; baseline 0.002 -18"><span class='ocrx_word' id='word_1_145' title='bbox 169 2710 172 2715; x_wconf 48' lang='lat'><strong><em>¹</em></strong></span> <span class='ocrx_word' id='word_1_146' title='bbox 286 2687 471 2760; x_wconf 80' lang='lat' dir='ltr'><strong>voraretur,</strong></span> <span class='ocrx_word' id='word_1_147' title='bbox 498 2681 708 2762; x_wconf 82' lang='lat' dir='ltr'><strong>reapondisse</strong></span> <span class='ocrx_word' id='word_1_148' title='bbox 732 2682 855 2746; x_wconf 85' lang='lat' dir='ltr'><strong>fertur:</strong></span> <span class='ocrx_word' id='word_1_149' title='bbox 899 2679 1007 2760; x_wconf 71' lang='lat' dir='ltr'><strong>consid</strong></span> <span class='ocrx_word' id='word_1_150' title='bbox 1030 2680 1080 2742; x_wconf 85' lang='lat' dir='ltr'><strong>rei</strong></span> <span class='ocrx_word' id='word_1_151' title='bbox 1103 2689 1157 2743; x_wconf 87' lang='lat' dir='ltr'><strong>est</strong></span> <span class='ocrx_word' id='word_1_152' title='bbox 1181 2688 1215 2744; x_wconf 86' lang='lat' dir='ltr'><strong>te</strong></span> <span class='ocrx_word' id='word_1_153' title='bbox 1239 2681 1322 2742; x_wconf 87' lang='lat' dir='ltr'><strong>inter</strong></span> <span class='ocrx_word' id='word_1_154' title='bbox 1345 2689 1381 2746; x_wconf 85' lang='lat' dir='ltr'><strong>ot</strong></span> 
     </span>
    </p>
   </div>
   <div class='ocr_carea' id='block_1_5' title="bbox 274 2792 1379 3467">
    <p class='ocr_par' dir='ltr' id='par_1_7' title="bbox 274 2792 1379 3328">
     <span class='ocr_line' id='line_1_22' title="bbox 290 2792 1376 2884; baseline -0.005 -21"><span class='ocrx_word' id='word_1_155' title='bbox 290 2798 394 2884; x_wconf 67' lang='lat' dir='ltr'><strong>cilios,</strong></span> <span class='ocrx_word' id='word_1_156' title='bbox 418 2792 615 2862; x_wconf 74' lang='lat' dir='ltr'><strong>naui-Alai</strong></span> <span class='ocrx_word' id='word_1_157' title='bbox 640 2798 721 2863; x_wconf 85' lang='lat' dir='ltr'><strong>hauc</strong></span> <span class='ocrx_word' id='word_1_158' title='bbox 745 2801 847 2865; x_wconf 86' lang='lat' dir='ltr'><strong>vitam</strong></span> <span class='ocrx_word' id='word_1_159' title='bbox 872 2809 906 2864; x_wconf 90' lang='lat' dir='ltr'><strong>et</strong></span> <span class='ocrx_word' id='word_1_160' title='bbox 932 2799 1063 2862; x_wconf 86' lang='lat' dir='ltr'><strong>alteram</strong></span> <span class='ocrx_word' id='word_1_161' title='bbox 1079 2807 1114 2861; x_wconf 86' lang='lat' dir='ltr'><strong>tu</strong></span> <span class='ocrx_word' id='word_1_162' title='bbox 1128 2800 1176 2860; x_wconf 88' lang='lat' dir='ltr'><strong>eis</strong></span> <span class='ocrx_word' id='word_1_163' title='bbox 1193 2793 1376 2881; x_wconf 70' lang='lat' dir='ltr'><strong>reliquisti&#39;u</strong></span> 
     </span>
     <span class='ocr_line' id='line_1_23' title="bbox 274 2911 1377 3003; baseline -0.006 -25"><span class='ocrx_word' id='word_1_164' title='bbox 274 2915 367 2979; x_wconf 41' lang='lat' dir='ltr'><strong>‘uum</strong></span> <span class='ocrx_word' id='word_1_165' title='bbox 391 2916 572 3003; x_wconf 77' lang='lat' dir='ltr'><strong>diui-Aia,</strong></span> <span class='ocrx_word' id='word_1_166' title='bbox 602 2917 717 2981; x_wconf 85' lang='lat' dir='ltr'><strong>uetiam</strong></span> <span class='ocrx_word' id='word_1_167' title='bbox 742 2917 911 3001; x_wconf 81' lang='lat' dir='ltr'><strong>alteram«,</strong></span> <span class='ocrx_word' id='word_1_168' title='bbox 939 2911 1051 3000; x_wconf 86' lang='lat' dir='ltr'><strong>inquit,</strong></span> <span class='ocrx_word' id='word_1_169' title='bbox 1080 2917 1199 2978; x_wconf 87' lang='lat' dir='ltr'><strong>»etiam</strong></span> <span class='ocrx_word' id='word_1_170' title='bbox 1226 2916 1377 2977; x_wconf 83' lang='lat' dir='ltr'><strong>alteram«</strong></span> 
     </span>
     <span class='ocr_line' id='line_1_24' title="bbox 287 3029 1378 3114; baseline 0 -20"><span class='ocrx_word' id='word_1_171' title='bbox 287 3041 385 3113; x_wconf 88' lang='lat' dir='ltr'><strong>atque</strong></span> <span class='ocrx_word' id='word_1_172' title='bbox 405 3030 472 3092; x_wconf 79' lang='lat' dir='ltr'><strong>&#39;hoc</strong></span> <span class='ocrx_word' id='word_1_173' title='bbox 497 3032 611 3094; x_wconf 88' lang='lat' dir='ltr'><strong>iterum</strong></span> <span class='ocrx_word' id='word_1_174' title='bbox 637 3051 675 3094; x_wconf 87' lang='lat' dir='ltr'><strong>aa</strong></span> <span class='ocrx_word' id='word_1_175' title='bbox 699 3032 831 3114; x_wconf 89' lang='lat' dir='ltr'><strong>saepius</strong></span> <span class='ocrx_word' id='word_1_176' title='bbox 858 3031 1006 3114; x_wconf 83' lang='lat' dir='ltr'><strong>repetito,</strong></span> <span class='ocrx_word' id='word_1_177' title='bbox 1030 3032 1190 3093; x_wconf 87' lang='lat' dir='ltr'><strong>moestitia</strong></span> <span class='ocrx_word' id='word_1_178' title='bbox 1211 3039 1244 3093; x_wconf 88' lang='lat' dir='ltr'><strong>et</strong></span> <span class='ocrx_word' id='word_1_179' title='bbox 1258 3029 1378 3112; x_wconf 87' lang='lat' dir='ltr'><strong>pudore</strong></span> 
     </span>
     <span class='ocr_line' id='line_1_25' title="bbox 287 3144 1379 3231; baseline -0.002 -20"><span class='ocrx_word' id='word_1_180' title='bbox 287 3147 436 3231; x_wconf 84' lang='lat' dir='ltr'><strong>affectus,</strong></span> <span class='ocrx_word' id='word_1_181' title='bbox 462 3144 582 3207; x_wconf 88' lang='lat' dir='ltr'><strong>nullum</strong></span> <span class='ocrx_word' id='word_1_182' title='bbox 607 3146 740 3227; x_wconf 90' lang='lat' dir='ltr'><strong>amplius</strong></span> <span class='ocrx_word' id='word_1_183' title='bbox 765 3146 901 3210; x_wconf 87' lang='lat' dir='ltr'><strong>verbum</strong></span> <span class='ocrx_word' id='word_1_184' title='bbox 932 3145 1053 3231; x_wconf 88' lang='lat' dir='ltr'><strong>emisit,</strong></span> <span class='ocrx_word' id='word_1_185' title='bbox 1088 3145 1189 3209; x_wconf 88' lang='lat' dir='ltr'><strong>donec</strong></span> <span class='ocrx_word' id='word_1_186' title='bbox 1222 3147 1276 3209; x_wconf 90' lang='lat' dir='ltr'><strong>iiie</strong></span> <span class='ocrx_word' id='word_1_187' title='bbox 1309 3147 1379 3210; x_wconf 88' lang='lat' dir='ltr'><strong>dis·</strong></span> 
     </span>
     <span class='ocr_line' id='line_1_26' title="bbox 287 3267 398 3328; baseline -0.018 0"><span class='ocrx_word' id='word_1_188' title='bbox 287 3267 398 3328; x_wconf 88' lang='lat' dir='ltr'><strong>cessit.</strong></span> 
     </span>
    </p>

    <p class='ocr_par' dir='ltr' id='par_1_8' title="bbox 384 3381 1377 3467">
     <span class='ocr_line' id='line_1_27' title="bbox 384 3381 1377 3467; baseline -0.001 -23"><span class='ocrx_word' id='word_1_189' title='bbox 384 3381 449 3445; x_wconf 88' lang='lat' dir='ltr'><strong>Illis</strong></span> <span class='ocrx_word' id='word_1_190' title='bbox 475 3390 584 3446; x_wconf 84' lang='lat' dir='ltr'><strong>autem</strong></span> <span class='ocrx_word' id='word_1_191' title='bbox 596 3381 786 3445; x_wconf 85' lang='lat' dir='ltr'><strong>Abul-Alae</strong></span> <span class='ocrx_word' id='word_1_192' title='bbox 808 3383 1010 3467; x_wconf 86' lang='lat' dir='ltr'><strong>querimoniis</strong></span> <span class='ocrx_word' id='word_1_193' title='bbox 1026 3387 1116 3445; x_wconf 85' lang='lat' dir='ltr'><strong>cives</strong></span> <span class='ocrx_word' id='word_1_194' title='bbox 1142 3382 1212 3445; x_wconf 86' lang='lat' dir='ltr'><strong>eius</strong></span> <span class='ocrx_word' id='word_1_195' title='bbox 1239 3381 1377 3444; x_wconf 83' lang='lat' dir='ltr'><strong>maxime</strong></span> 
     </span>
    </p>
   </div>
   <div class='ocr_carea' id='block_1_6' title="bbox 270 3728 1377 4124">
    <p class='ocr_par' dir='ltr' id='par_1_9' title="bbox 270 3728 1377 4124">
     <span class='ocr_line' id='line_1_28' title="bbox 270 3728 1376 3822; baseline 0.004 -24"><span class='ocrx_word' id='word_1_196' title='bbox 270 3811 273 3817; x_wconf 66' lang='lat'><em>,</em></span> <span class='ocrx_word' id='word_1_197' title='bbox 337 3728 367 3817; x_wconf 87' lang='lat'><strong>¹)</strong></span> <span class='ocrx_word' id='word_1_198' title='bbox 392 3735 473 3800; x_wconf 82' lang='lat' dir='ltr'><strong>&#39;i&#39;am</strong></span> <span class='ocrx_word' id='word_1_199' title='bbox 498 3739 539 3802; x_wconf 87' lang='lat' dir='ltr'><strong>ad</strong></span> <span class='ocrx_word' id='word_1_200' title='bbox 559 3739 621 3804; x_wconf 85' lang='lat' dir='ltr'><strong>hos</strong></span> <span class='ocrx_word' id='word_1_201' title='bbox 647 3759 742 3822; x_wconf 82' lang='lat' dir='ltr'><strong>quam</strong></span> <span class='ocrx_word' id='word_1_202' title='bbox 771 3739 815 3804; x_wconf 82' lang='lat' dir='ltr'><strong>ad</strong></span> <span class='ocrx_word' id='word_1_203' title='bbox 849 3739 1081 3822; x_wconf 82' lang='lat' dir='ltr'><strong>praecedentes</strong></span> <span class='ocrx_word' id='word_1_204' title='bbox 1117 3757 1236 3804; x_wconf 82' lang='lat' dir='ltr'><strong>versus</strong></span> <span class='ocrx_word' id='word_1_205' title='bbox 1261 3739 1376 3804; x_wconf 77' lang='lat' dir='ltr'><strong>Scho-</strong></span> 
     </span>
     <span class='ocr_line' id='line_1_29' title="bbox 287 3833 1377 3932; baseline 0.006 -35"><span class='ocrx_word' id='word_1_206' title='bbox 287 3834 400 3898; x_wconf 88' lang='lat' dir='ltr'><strong>liastcs</strong></span> <span class='ocrx_word' id='word_1_207' title='bbox 437 3847 564 3926; x_wconf 89' lang='lat' dir='ltr'><strong>monet,</strong></span> <span class='ocrx_word' id='word_1_208' title='bbox 600 3849 719 3904; x_wconf 86' lang='lat' dir='ltr'><strong>sectam</strong></span> <span class='ocrx_word' id='word_1_209' title='bbox 749 3839 844 3904; x_wconf 78' lang='lat' dir='ltr'><strong>iiiam.</strong></span> <span class='ocrx_word' id='word_1_210' title='bbox 858 3841 944 3904; x_wconf 89' lang='lat' dir='ltr'><strong>iuaui</strong></span> <span class='ocrx_word' id='word_1_211' title='bbox 976 3859 1068 3924; x_wconf 82' lang='lat' dir='ltr'><strong>quam</strong></span> <span class='ocrx_word' id='word_1_212' title='bbox 1091 3833 1248 3932; x_wconf 49' lang='lat' dir='ltr'><strong>effodi</strong></span> <span class='ocrx_word' id='word_1_213' title='bbox 1272 3851 1377 3904; x_wconf 51' lang='lat' dir='ltr'><strong>vocae</strong></span> 
     </span>
     <span class='ocr_line' id='line_1_30' title="bbox 286 3934 1374 4026; baseline 0.003 -28"><span class='ocrx_word' id='word_1_214' title='bbox 286 3934 373 4015; x_wconf 84' lang='lat' dir='ltr'><strong>bani,</strong></span> <span class='ocrx_word' id='word_1_215' title='bbox 398 3935 468 4000; x_wconf 85' lang='lat' dir='ltr'><strong>scil.</strong></span> <span class='ocrx_word' id='word_1_216' title='bbox 493 3939 636 4004; x_wconf 84' lang='lat' dir='ltr'><strong>Arabum</strong></span> <span class='ocrx_word' id='word_1_217' title='bbox 662 3940 902 4026; x_wconf 81' lang='lat' dir='ltr'><strong>materialistas,</strong></span> <span class='ocrx_word' id='word_1_218' title='bbox 930 3940 970 4004; x_wconf 89' lang='lat' dir='ltr'><strong>de</strong></span> <span class='ocrx_word' id='word_1_219' title='bbox 996 3941 1107 4022; x_wconf 87' lang='lat' dir='ltr'><strong>quibus</strong></span> <span class='ocrx_word' id='word_1_220' title='bbox 1130 3939 1206 4002; x_wconf 88' lang='lat' dir='ltr'><strong>vide</strong></span> <span class='ocrx_word' id='word_1_221' title='bbox 1224 3937 1374 4005; x_wconf 80' lang='lat' dir='ltr'><strong>Sehmcl-</strong></span> 
     </span>
     <span class='ocr_line' id='line_1_31' title="bbox 287 4033 1328 4124; baseline 0.007 -27"><span class='ocrx_word' id='word_1_222' title='bbox 287 4033 375 4124; x_wconf 88' lang='lat' dir='ltr'><strong>ders,</strong></span> <span class='ocrx_word' id='word_1_223' title='bbox 401 4036 522 4102; x_wconf 78' lang='lat' dir='ltr'><strong>Euclea</strong></span> <span class='ocrx_word' id='word_1_224' title='bbox 548 4039 811 4122; x_wconf 88' lang='lat' dir='ltr'><strong>philosophiques</strong></span> <span class='ocrx_word' id='word_1_225' title='bbox 837 4040 919 4104; x_wconf 79' lang='lat' dir='ltr'><strong>eheu</strong></span> <span class='ocrx_word' id='word_1_226' title='bbox 944 4041 993 4104; x_wconf 87' lang='lat' dir='ltr'><strong>les</strong></span> <span class='ocrx_word' id='word_1_227' title='bbox 1017 4039 1157 4121; x_wconf 85' lang='lat' dir='ltr'><strong>Arabes,</strong></span> <span class='ocrx_word' id='word_1_228' title='bbox 1181 4059 1212 4121; x_wconf 90' lang='lat' dir='ltr'><strong>p.</strong></span> <span class='ocrx_word' id='word_1_229' title='bbox 1243 4041 1298 4106; x_wconf 76' lang='lat'><strong>14.</strong></span> <span class='ocrx_word' id='word_1_230' title='bbox 1325 4087 1328 4092; x_wconf 86' lang='lat'>-</span> 
     </span>
    </p>
   </div>
   <div class='ocr_carea' id='block_1_7' title="bbox 0 0 1532 4724">
    <p class='ocr_par' dir='ltr' id='par_1_10' title="bbox 0 0 1532 4724">
     <span class='ocr_line' id='line_1_32' title="bbox 0 0 1532 4724; baseline 0 0"><span class='ocrx_word' id='word_1_231' title='bbox 0 0 1532 4724; x_wconf 95' lang='lat' dir='ltr'><strong> </strong></span> 
     </span>
    </p>
   </div>
  </div>
 </body>
</html>
