3070 4720
722 159 760 170 -
801 125 845 186 90
873 95 925 172 ſs..

282 319 376 403 modi,
402 319 463 380 uisi
489 316 560 378 mibi
585 324 618 376 et
644 314 772 378 lecturis
799 313 902 376 taedio
928 319 1001 390 siut,
1027 315 1125 376 multa
1143 315 1262 393 possim
1282 334 1359 394 pro-

283 435 379 512 ferre,
405 452 484 513 quae
510 431 642 515 quidem,
677 431 767 491 nobis
792 429 866 492 licet
892 429 1017 490 minime
1042 430 1213 513 arrideant,
1236 440 1362 514 tamen,

281 570 375 632 quum
401 568 443 612 ex
467 559 579 612 natura
603 549 731 633 linguae
759 547 906 610 arabicae
932 565 967 610 se
992 545 1073 608 ultro
1095 547 1211 608 offerre
1228 547 1362 608 videan-

283 678 345 751 tur,
372 676 404 728 et
429 667 565 748 aliquam
591 666 714 728 tandem
740 665 861 748 legenti
887 647 1053 748 imaginem
1078 666 1261 746 praebcant,
1288 659 1364 728 ferri

282 783 511 862 quodammodo
549 784 601 848 vol
634 783 781 847 excusari
806 790 951 864 possunt.
1004 781 1084 860 Quid
1116 791 1221 843 autem
1251 784 1290 846 de
1316 785 1365 844 eis

282 901 483 982 dicam,quae
509 910 574 964 tam
599 902 716 964 misere
742 908 817 964 sunt
841 901 1026 984 excogitata
1047 904 1142 981 atque
1162 900 1365 985 conformata,

282 1031 318 1083 ut
343 1037 385 1080 ox
410 1020 512 1082 altera
535 1028 626 1100 parte
649 1037 780 1081 sensum
807 1021 980 1098 praebeant
1003 1028 1180 1080 contortum
1206 1039 1244 1081 ac
1259 1039 1366 1082 vexa-

282 1137 360 1212 tum,
394 1155 436 1196 ex
460 1137 563 1198 altera
587 1147 692 1198 autom
719 1143 774 1197 aut
799 1155 899 1198 sensu
926 1141 1049 1198 omnino
1076 1145 1216 1216 careant,
1254 1147 1309 1200 aut
1334 1141 1366 1200 in

283 1251 378 1312 rebus
397 1256 521 1313 omniuo
542 1251 653 1312 alienis
687 1253 798 1330 eisque
819 1253 1021 1336 futilissimis,
1046 1273 1065 1315 a
1082 1255 1288 1337 grammatica
1309 1265 1367 1317 aut

283 1368 443 1446 scriptura
468 1370 651 1449 plerumque
676 1371 787 1450 petitis
826 1381 1005 1432 versentur.
1056 1372 1155 1434 Velut
1187 1389 1279 1450 quum
1305 1391 1367 1432 no-

284 1482 368 1544 mina
386 1483 537 1562 quaedam
559 1486 758 1569 cognationis
780 1506 892 1571 magno
912 1505 984 1549 cum
1001 1487 1109 1548 labore
1129 1489 1160 1548 in
1178 1506 1273 1549 unum
1287 1508 1367 1550 ver-1

241 1689 245 1698 1
283 1619 352 1664 surn
378 1600 521 1662 conferre
548 1600 683 1663 studuit:
1130 1604 1226 1668 Metr.
1252 1605 1364 1667 Towil.

281 1774 346 1878 lot
372 1780 461 1882 „jas
487 1799 542 1925 cp,
567 1774 656 1896 σέ
678 1801 697 1862 r
719 1785 801 1900 ,po
850 1801 930 1890 „aar
947 1759 1359 1912 ssrrffijsri‘orgsam
1397 1875 1400 1880 ⁸

361 2000 419 2066 nSi
444 2004 495 2062 cui
520 1998 646 2059 fortuna
672 1997 767 2058 sidem
793 1998 983 2083 adhibuerit,
1019 2003 1157 2062 virtutes
1195 2005 1224 2063 ei
1249 2007 1364 2090 vulgus

286 2120 444 2195 mentitur,
461 2131 552 2194 quae,
579 2111 637 2174 etsi
662 2111 791 2190 pluviae
812 2112 925 2175 indicia
950 2113 1169 2198 (largitionum
1194 2126 1367 2206 promissa)

286 2233 368 2296 falsa
394 2228 569 2310 evaserint,
596 2226 712 2288 nullum
739 2232 866 2306 capiunt
892 2228 1142 2294 detrimentum«

253 2353 268 2426 ἦ
358 2349 394 2410 Si
421 2355 526 2408 autem
552 2344 716 2428 vulgatam
742 2345 912 2406 verborum
938 2345 1203 2428 significationem
1225 2371 1367 2434 accepe-

284 2466 338 2542 ris,
365 2484 468 2540 avum,
495 2472 654 2546 patruum,
681 2464 872 2525 avunculum
897 2462 1066 2546 intelliges.

351 2607 466 2684 Neque
495 2603 597 2666 minus
623 2605 786 2684 pueriliter
802 2623 901 2668 voces
919 2603 1068 2685 quasdam
1087 2591 1263 2685 scripturae
1286 2629 1363 2689 pro·

284 2725 370 2806 prias
396 2723 456 2787 hoc
485 2723 580 2790 modo,
602 2725 783 2808 congessit:
1139 2729 1235 2789 Metr.
1255 2713 1368 2790 'lauit

284 2915 383 3019 tiis
416 2913 480 3040 ’,Ξ
506 2917 587 3042 ,iit
614 2901 689 3031 „Z
727 2941 806 3056 oio,
855 2919 1367 3065 Μνῐυέῳὲςζᾼ,

364 3153 536 3213 ›rCamelus
564 3151 727 3226 emaciata,
758 3167 835 3207 nun
862 3148 975 3208 literae
999 3147 1110 3210 similis
1149 3148 1212 3228 (sc.
1240 3163 1368 3232 propter

286 3269 459 3331 exilitatem
478 3278 511 3329 et
527 3268 679 3328 iullexum
696 3265 883 3326 lassitudine
899 3266 1059 3350 dorsum),
1084 3267 1131 3329 cui
1146 3268 1259 3342 insidet
1277 3269 1368 3330 bomo

287 3388 464 3465 pulmonem
490 3385 621 3448 laedens
634 3377 674 3468 ¹),
692 3402 774 3468 'nou
802 3384 912 3445 leniter
938 3383 1131 3463 propellens,
1156 3385 1209 3464 qui
1234 3394 1368 3447 conteu-

286 3500 332 3562 dit
358 3500 398 3562 ad
423 3503 565 3585 vestigia
589 3501 738 3564 imbribus
766 3501 962 3562 immutata-n

337 3853 365 3934 ¹)
402 3854 457 3915 Sc.
484 3861 546 3915 tam
568 3854 708 3936 strigoso
733 3857 783 3912 est
808 3848 971 3932 camelus,
1010 3857 1044 3910 ut
1067 3849 1098 3910 iu
1122 3852 1194 3926 ipso
1220 3849 1368 3928 pulmone

179 4001 183 4008 .
286 3956 408 4018 scotica
433 3953 575 4016 feriatur.
