3056 4724
594 243 840 307 ..pp--

226 424 288 488 »Et
319 423 481 490 brachium
513 426 706 520 ornamentis
735 442 850 490 carens
880 423 1003 490 laudem
1031 443 1130 508 saepe
1158 439 1240 488 nan-

141 532 285 613 ciscitur,
308 552 400 615 quam
424 531 509 598 aliud
529 534 651 598 armilla
673 543 815 598 ornatum
838 536 973 617 adipisci
995 554 1058 597 non
1080 543 1215 616 potesta

226 657 287 720 llis
320 657 476 739 exemplis
504 661 587 721 satis
622 658 788 745 probatum
817 668 887 742 est,
921 644 1040 742 quanta
1073 660 1242 724 Abul-Ala

143 765 310 827 homiuum·
329 764 481 828 nobilium
516 764 748 828 existimatione
784 777 914 830 ornatus
950 763 1016 832 sit.⁴
1057 768 1131 830 Nec
1164 787 1242 830 vero

146 873 252 936 minori
274 853 553 937 cruditionisfama
575 874 730 953 inclaruit,
754 893 817 955 qua
836 874 958 938 factum
981 884 1042 958 ost,
1061 885 1096 938 ut
1113 877 1252 938 iuvenis·

144 981 247 1044 adhuc
264 981 438 1044 innumeris
470 980 607 1064 undique
636 981 795 1063 discipulis
823 991 993 1065 peteretur.
1042 982 1104 1046 llis
1129 963 1243 1046 ‘tomen

145 1110 254 1170 parum
289 1097 459 1159 contentus
485 1073 590 1154 novos
618 1090 785 1153 doctrinae
814 1092 920 1154 sontes
949 1091 1037 1155 adiro
1071 1091 1244 1168 constituit,

142 1207 238 1279 atque
268 1217 362 1280 quum
389 1196 588 1282 Bagdadurn,
616 1199 676 1262 illis
702 1198 807 1260 adlruc
836 1199 1041 1281 temporibus,
1064 1206 1098 1261 et
1119 1216 1244 1261 morum

142 1283 303 1387 elegantia
348 1313 381 1368 et
420 1297 607 1387 optimarum
647 1305 761 1368 artium
806 1307 937 1386 studim,
983 1306 1121 1372 Orientis
1153 1306 1244 1368 velut

144 1413 292 1483 Athenae
315 1413 467 1498 floreret,
500 1433 572 1479 eam
602 1413 732 1496 urbem,
771 1414 911 1476 virorum
945 1413 976 1476 in
1006 1416 1097 1480 omui*
1122 1433 1243 1497 genere
1292 1450 1294 1453 ·

147 1534 348 1595 summorum,
369 1525 535 1600 poetarum
560 1519 715 1600 maxime,
746 1535 903 1581 concursu
925 1520 1101 1599 celebrem,
1132 1529 1243 1603 petere

147 1621 297 1694 decrevit.
347 1623 441 1702 Quod
469 1633 574 1692 tamen
604 1625 765 1688 consilium
791 1645 893 1688 secus
923 1630 1031 1690 evenit
1057 1647 1098 1692 ac
1126 1647 1242 1710 spera·

83 1759 84 1766 ¹
146 1742 250 1799 verat.
298 1734 400 1808 Nam,
430 1751 526 1814 quum
554 1728 636 1794 anno
666 1731 746 1814 398,
775 1751 876 1795 anrros
905 1743 1001 1797 uatus
1032 1738 1155 1799 circitor
1189 1737 1242 1819 35,

148 1839 337 1922 Bagdatlum
364 1840 517 1914 venisset,
546 1849 636 1903 tanto
662 1842 784 1922 patriae
813 1850 847 1903 ot
878 1843 1053 1905 amicorum
1074 1843 1242 1924 desiderio,

150 1957 239 2014 tanto
274 1969 316 2011 ex
343 1947 571 2019 solitudinem
598 1950 716 2034 inopia,
752 1969 814 2032 qua
847 1951 912 2014 illic
945 1945 1112 2034 laboravit,
1143 1951 1247 2016 taedio

148 2060 287 2124 affectus
313 2071 379 2144 est,
409 2071 444 2124 ut
472 2059 588 2123 diutins
615 2062 646 2122 in
677 2070 761 2124 terra
787 2063 891 2125 alieno
915 2082 1080 2147 remanere
1100 2083 1162 2126 non
1183 2085 1246 2146 po-

146 2169 250 2232 tuerit.
304 2170 401 2232 Hunc
433 2163 527 2233 s'uum
563 2171 700 2232 animum
737 2169 1016 2254 omnia'spirout,
1056 2189 1136 2254 quae
1169 2181 1245 2236 tuuc

148 2278 288 2360 scripsit,
309 2277 467 2359 carmina;
489 2297 531 2342 ox
553 2279 667 2361 quibus
689 2277 749 2342 hos
769 2295 886 2342 versus
906 2277 1048 2343 tradam:

1020 2411 1114 2473 bletr
1136 2413 1248 2478 l'anil.

149 2597 213 2706 pop
239 2611 307 2666 uo
325 2597 432 2696 nour
457 2597 552 2680 aar
578 2600 676 2748 ι9ιι,
720 2581 792 2684 uir,
817 2597 900 2732 &ps
925 2569 1108 2710 gfctffll
1088 2571 1246 2694 „gptp

154 2767 679 2910 ὁωμυώΙ-ρω-ιι
721 2758 1152 2890 iffiifslltbcpw
1184 2803 1245 2888 ἀφ

123 2969 266 3104 ,plis
253 3027 307 3100 με
332 2996 422 3100 W„
446 3015 475 3082 3
501 3000 544 3088 lp,
572 2969 678 3086 ἐμὲ
721 2993 819 3081 ωε,
844 2970 1245 3100 ,ebrllpokkwoe

136 3227 141 3232 .
239 3181 286 3247 „0
306 3183 446 3266 fulmen,
470 3183 603 3268 Bagtlad
623 3202 687 3246 uon
718 3189 769 3244 est
803 3162 1002 3242 domicilium
1022 3200 1143 3261 meum,
1172 3189 1247 3248 ante

158 3308 278 3372 paucos
301 3291 370 3353 dies
391 3293 453 3354 huc
474 3312 526 3355 me
546 3293 672 3355 fortuna
690 3295 777 3353 iecit.

241 3399 376 3462 „Num
367 3420 399 3462 m
419 3409 452 3462 te
464 3407 566 3484 gutta
587 3407 639 3463 est
660 3401 699 3466 de
720 3400 985 3483 annullamus,
1014 3418 1077 3480 qua
1096 3395 1247 3460 siturien·

156 3483 235 3585 tem,
256 3508 340 3570 curis
357 3507 441 3571 houd
461 3509 595 3572 liberum
616 3504 767 3572 reficias?

241 3613 316 3676 nlla
342 3615 483 3695 poenitet
513 3613 705 3694 Awosem1)
732 3624 836 3682 terrae
863 3612 1043 3692 (relictae),
1078 3617 1246 3752 postquam

158 3723 188 3784 ci
207 3725 342 3805 pretium
363 3725 459 3786 statui
480 3723 661 3806 exiguum«

173 4097 175 4103 Α
215 4066 243 4146 ¹)
269 4067 422 4130 ibwasem
449 4073 502 4128 est
526 4063 643 4146 Syriae
670 4043 791 4127 tractus
817 4061 1085 4144 septentrionalis.
