3056 4724
202 383 257 440 est
281 375 456 438 msmorttu
473 370 615 454 dignus,
637 367 829 448 (vienni.
847 383 889 448 «po
913 365 1203 450 stonum-Aue
1226 387 1285 436 ere

202 487 388 557 thudoxium
414 487 558 548 omnibus
585 485 708 549 viribus
735 481 899 546 vindicare
924 482 1134 576 studuerunt3
1164 506 1228 570 qna
1250 493 1286 550 in

203 629 239 672 re
264 607 324 677 hoo
348 603 486 700 puerisue
511 605 698 684 argumento
723 597 775 661 usi
799 607 886 683 sunt,
914 597 1030 680 quod'
1022 618 1093 680 ipse
1109 598 1214 665 dicere
1227 623 1287 666 so·

201 697 292 804 leret,
310 723 340 785 si
365 733 437 804 qua
451 717 651 802 scripsisset,
676 727 772 798 quae
783 719 885 797 primo
907 711 1020 778 nonio
1029 736 1049 779 o
1063 714 1287 784 fidolslnrnit't

203 841 305 902 alienu
323 834 560 937 viderentur,
551 850 657 930 inesse
682 833 845 896 tamenin
870 831 922 898 eis
946 833 1102 898 internum
1126 827 1304 917 quomdam

202 931 350 1036 sensum,
369 933 528 1016 doctrinae
570 967 681 1013 sacrae
721 951 845 1014 omnino
883 957 1124 1035 congruentem.
1196 939 1290 1029 Quod

203 1072 350 1154 equidem
372 1071 583 1136 vehementer
601 1065 720 1150 dubito,
745 1075 860 1132 utrum
873 1087 955 1131 vera
968 1069 1038 1132 eius
1055 1071 1291 1163 sententiam

201 1191 309 1274 potins
335 1189 501 1277 exeusatio
526 1187 623 1250 fuerit
646 1185 701 1249 vel
725 1193 913 1268 praetextus
943 1188 1126 1269 speciosus,
1151 1165 1218 1268 quo*
1237 1185 1292 1250 fa-

200 1307 376 1372 naticorum
395 1285 835 1372 *criminationes-defendero
860 1301 1024 1365 studuerit.
1049 1303 1145 1382 Noni,
1167 1301 1224 1384 qui
1247 1299 1292 1364 (li

199 1421 254 1516 ⁸‚his
280 1425 377 1487 rebus
400 1423 530 1486 liberius
555 1422 649 1504 paulo
676 1420 849 1498 sentirent,
884 1439 942 1484 eos
976 1438 1038 1482 nou
1062 1419 1140 1482 nihil
1163 1418 1290 1505 pericli-

173 1599 176 1607 .
206 1552 291 1610 totos
317 1563 406 1627 esse,
427 1564 469 1607 ex
494 1542 555 1605 hoe
576 1543 678 1632 ipsius
701 1539 893 1621 *nour-Aloe
910 1546 1019 1622 potett

1042 1682 1139 1746 utu.
1164 1645 1326 1788 waren

201 1867 317 2014 'Uno
344 1907 751 2020 stiffensis-eol,
805 1867 1295 2008 &steresios
1407 1991 1411 1996 ¹

202 2113 204 2122 ¹
308 2133 366 2196 nSi
401 2133 539 2198 absurda
564 2133 652 2218 diuos
672 2151 789 2196 vocem
812 2131 889 2195 licet
909 2131 1042 2212 tolleto3
1066 2150 1146 2194 vera
1173 2129 1292 2194 dicenti

205 2271 329 2342 semper
356 2251 517 2314 submisso
541 2269 623 2312 voce
649 2250 841 2334 loquendum
866 2259 951 2313 estu
1233 2237 1237 2245 ’
1264 2227 1266 2232 ’

304 2395 397 2468 Haeo
415 2403 535 2477 autem,
562 2402 598 2456 ut
615 2394 684 2456 ‘iarn
710 2394 827 2476 monui,
852 2414 914 2456 non
940 2403 1095 2476 possunt,
1121 2395 1183 2457 nisi
1211 2414 1290 2481 pos5·

206 2513 376 2578 tertoribus
402 2510 588 2580 Abul-Alee
613 2511 741 2594 scriptis
766 2513 893 2594 penitus
919 2513 1103 2602 exploratis,
1121 2514 1214 2594 plene
1240 2512 1291 2574 di·

206 2630 350 2694 iudicari.
401 2630 507 2712 Nam,
539 2646 620 2708 quoe
645 2627 874 2691 Sikt-Ezzend
897 2629 929 2689 in
955 2627 1015 2692 hoo
1041 2648 1158 2712 genere
1183 2627 1292 2713 habet,

202 2767 258 2837 ea,
284 2751 318 2807 et
342 2762 444 2824 pauca
469 2750 542 2823 sunt
568 2739 744 2820 admodum,
770 2750 802 2804 et
824 2741 951 2804 iuvenis
969 2748 1089 2808 tentum
1103 2745 1293 2828 sententiam

208 2863 355 2946 produnt.
407 2859 549 2940 Quorum
574 2868 704 2942 tomen,
740 2877 833 2939 quum
865 2855 906 2920 ad
943 2877 1074 2922 sensum
1107 2858 1168 2921 viri
1192 2860 1291 2940 probe
1387 2919 1389 2923 .

208 2977 465 3064 cognoscendum
489 2974 651 3037 nonnihil
677 2974 861 3060 eonferant,
893 2977 1088 3060 gravissima
1123 2975 1289 3058 proferam.

207 3094 347 3155 Primum
371 3088 496 3172 quidem
519 3091 690 3154 notandum
716 3100 780 3177 est,
806 3090 991 3154 traditiones
1017 3109 1127 3156 sacras
1149 3101 1183 3156 et
1210 3083 1292 3174 dicta

209 3209 367 3287 Cornnica
392 3207 574 3291 saepissime
600 3228 673 3270 eum
697 3212 730 3270 in
756 3208 944 3270 carminibus
973 3210 1171 3296 respexisse,
1197 3208 1242 3271 ita
1256 3185 1292 3275 nt

209 3327 258 3387 eid
284 3325 407 3406 penitus
430 3324 567 3418 imbutus
593 3324 696 3385 fuisse
721 3301 888 3406 videatu13
921 3323 1006 3408 qnod
1030 3345 1123 3387 nemo
1148 3326 1292 3410 profecto
1384 3375 1389 3387 ι

193 3440 384 3525 mirabitur,
410 3441 463 3523 qui
488 3442 624 3520 noverit,
649 3460 739 3522 quam
764 3462 915 3528 magnum
937 3445 969 3506 in
994 3419 1078 3505 omni
1103 3439 1290 3510 educatione

208 3550 327 3625 liberali
356 3557 460 3620 loonm
485 3557 667 3639 disciplinae
691 3557 763 3623 illae
787 3561 870 3642 apud
892 3561 1175 3625 Muhammedanos
1201 3583 1316 3627 sem-·
1370 3613 1373 3622 ,

202 3669 267 3759 ¹per
293 3675 487 3738 obtinuerint.
529 3673 649 3738 Verum
686 3671 717 3737 in
749 3673 800 3737 his
825 3679 923 3740 rebus
931 3721 943 3762 7
982 3677 1186 3758 complurium
1210 3700 1292 3761 poe-

205 3799 311 3854 tarum
336 3799 368 3856 e't
392 3791 586 3855 Motenabbii
605 3771 757 3874 imprimis
779 3794 922 3880 vestigia
944 3803 1089 3883 secutus,
1117 3797 1183 3860 levi
1208 3791 1291 3882 qun·
1324 3763 1329 3774 Ι

212 3906 283 3969 darn
318 3914 352 3969 et
386 3905 476 3989 quusi
508 3907 620 3971 iocose
652 3911 776 3971 ratione
802 3919 951 3986 versatus
979 3919 1049 3992 est,
1081 3921 1203 3977 utnon
1227 3906 1293 3977 torn

212 4025 367 4106 mysteria
399 4043 493 4089 sacra
526 4025 706 4112 attingere,
740 4045 832 4110 quarn
865 4025 992 4091 fabulas
1025 4019 1236 4114 pervolgatas
1260 4031 1294 4092 in
