3056 4724
612 229 818 296 ...15η-

168 435 223 514 rit,
250 386 365 507 noque
388 419 510 486 videre
527 421 700 504 potuerit,
723 418 873 500 pluribus
898 421 991 516 annis
1023 421 1262 510 praeterlapsis,

167 565 212 610 ex
238 543 310 606 sola
333 553 507 623 paucorum
531 553 686 620 versuum
711 539 907 620 cognatione
935 544 1175 630 recognoverit.

248 707 370 771 Verum
411 705 493 769 haec
524 703 565 768 ad
596 691 754 768 maturam
789 707 852 768 iam
877 704 990 767 Abul-
1003 705 1087 768 Alae
1124 715 1264 771 estatem

173 829 342 906 pertinent.
382 823 478 885 Prius
505 820 682 884 videndum
709 830 761 884 est
786 821 890 906 nobis,
916 811 1017 903 ³quae.
1038 821 1157 886 luerint
1182 823 1264 905 poe&

172 945 226 1006 tici
264 946 336 1005 eius
361 943 483 1026 ingenii
504 948 539 1002 et
563 943 664 1020 prlma
702 933 857 1020 principia
891 949 926 1002 at
951 955 1152 1025 progressus
1175 942 1266 1005 ‘ulte-

172 1067 288 1126 riores.
339 1061 413 1124 Non
439 1063 524 1122 onim
548 1061 579 1121 is
606 1064 686 1138 erat,
711 1062 765 1139 qui
791 1057 896 1121 aliens
920 1058 1150 1143 legerentque
1174 1065 1266 1122 trec-t
1374 1120 1378 1130 ,

173 1176 243 1246 tare
267 1173 438 1246 contentus
463 1188 557 1242 esset
568 1222 580 1264 ,
615 1182 690 1260 quin
719 1181 842 1276 ipsein
868 1170 1061 1240 carminibus
1086 1175 1267 1240 scribendis

173 1275 264 1363 uires
301 1317 379 1364 suos
416 1295 587 1362 tentaret.¹
620 1275 705 1376 Quin
736 1300 833 1360 etiam
867 1293 948 1357 adeo
985 1303 1101 1356 nature
1135 1291 1198 1358 fuit
1227 1291 1270 1356 ed

177 1421 288 1498 poesin
320 1433 514 1498 propensus,
547 1424 596 1501 ut,
624 1391 772 1477 undecim
806 1417 866 1475 vix
891 1429 993 1496 annos
1017 1395 1127 1497 natus,
1151 1424 1270 1478 versus

175 1537 331 1614 lncepcrlt
367 1513 525 1618 condere3
567 1530 653 1612 quod
691 1529 819 1612 quidem
856 1547 1054 1615 magnopere
1091 1519 1268 1593 mirandum

176 1646 317 1730 videtur,
353 1645 446 1704 nobis
471 1627 580 1708 tamen
605 1645 748 1706 fortasse
774 1649 882 1727 magis
909 1663 1004 1724 quam
1040 1648 1124 1725 ipsls
1149 1642 1270 1708 Arail-
1320 1652 1322 1659 '

178 1748 258 1843 bus,
286 1758 380 1840 apud
405 1741 508 1842 quos,
546 1777 640 1838 quum
665 1759 816 1821 calidiore
841 1761 933 1822 coelo
967 1769 1034 1825 tam
1058 1764 1153 1822 animi
1178 1777 1272 1840 qnam

179 1875 315 1954 corpora
353 1877 449 1936 citius
476 1872 603 1935 soleant
626 1882 865 1960 maturescere,
889 1861 980 1938 vtrulla
1013 1889 1077 1948 non
1101 1888 1174 1936 rotro
1208 1885 1273 1938 usu

179 1993 323 2060 veniunt.
359 1989 404 2054 Ut
428 2011 525 2055 unum
557 2011 600 2054 ex
624 1989 733 2054 multis
758 1974 940 2074 exemplum
973 1989 1145 2075 proferam,
1171 1989 1274 2058 ferrer

180 2113 277 2188 poet'a
302 2109 553 2192 celeberrimus,
587 2107 627 2172 de
653 2128 715 2191 quo
735 2127 835 2192 supra
860 2109 939 2194 dixi,
965 2107 1078 2174 suoru
1101 2105 1274 2173 sir-uanus

179 2227 212 2286 in
238 2224 361 2289 decimo
388 2227 507 2290 aetatis
531 2243 613 2289 anno
639 2227 741 2310 prima
767 2229 911 2292 carmina
934 2225 1104 2291 effudisse.
1254 2265 1268 2278 -ι

223 2485 225 2489 ,
256 2409 365 2474 Prima
401 2419 508 2492 tamen
540 2411 596 2474 illa
628 2414 823 2496 tentamine,
854 2408 1026 2475 Abu-Ala
1059 2381 1199 2496 prudens
1226 2408 1275 2472 'as

182 2525 351 2593 modestus
375 2531 410 2590 in
423 2529 595 2594 Diwanum
621 2549 717 2596 suum
740 2526 844 2591 noluit
866 2542 1046 2596 assumere.
1071 2526 1166 2619 Nam,
1190 2503 1275 2624 quae

182 2644 293 2706 verbis
318 2637 433 2724 sipaess
456 2635 497 2714 db
521 2644 714 2714 inducuntur
740 2647 890 2732 carduum
926 2662 977 2724 ea,
1012 2651 1048 2704 ut
1073 2642 1166 2728 paulo
1192 2636 1275 2712 iufra

184 2757 365 2842 ostendam,
390 2776 453 2823 noo
479 2777 570 2842 puer,
589 2759 656 2842 sed
679 2758 871 2822 adolescens
888 2748 1083 2845 composuit.
1118 2733 1274 2846 Quorum,

185 2892 280 2958 quum
310 2875 416 2962 aliqua
448 2877 505 2940 res'
537 2875 600 2942 illis
629 2874 826 2962 temporibus
855 2873 937 2938 bello
972 2883 1086 2958 gestas
1112 2884 1275 2961 spectent,

185 3009 205 3052 a
229 2993 394 3072 proposito
419 2991 568 3060 nouerit
593 2994 746 3072 alienum,
769 2995 812 3076 si,
838 2994 910 3074 quis
936 2989 1033 3059 luerit
1047 3000 1135 3066 ,tuuc
1160 2965 1275 3074 inspiro

187 3106 233 3168 ria
268 3127 375 3172 rerum
415 3117 542 3190 status,
582 3113 696 3194 paucis
730 3108 840 3174 verbis
859 3106 1118 3172 adumbrantem.
1151 3084 1276 3187 Quum

186 3234 301 3306 autem,
326 3243 407 3308 quae
430 3245 489 3308 per
513 3225 547 3288 id
571 3236 696 3308 tempus
717 3234 815 3312 gesto
839 3233 928 3308 sunt,
963 3223 1141 3312 scriptores
1166 3197 1276 3290 ¹Euro·-

188 3346 262 3424 paei
297 3342 420 3408 omuino
452 3343 522 3414 lere
546 3331 708 3430 ignorent,
740 3342 870 3408 Arabici
896 3350 1015 3427 autem,
1049 3341 1079 3406 ei
1106 3351 1198 3405 certe
1223 3343 1278 3434 qui

186 3457 291 3524 adhue
328 3460 444 3543 publici
469 3462 550 3527 iuris
576 3461 773 3548 firmisunt,
812 3479 932 3546 magna
966 3477 1069 3522 rerum
1094 3457 1201 3542 inopia
1224 3441 1276 3556 la}

190 3556 353 3666 curantes,
379 3597 493 3660 parum
520 3579 691 3658 illustrent,
718 3578 836 3660 nullam
860 3579 931 3662 ipse
958 3567 1086 3639 certam
1101 3563 1188 3644 viam
1214 3562 1277 3659 po-

190 3695 322 3759 tuissem
347 3694 510 3778 invenire,
536 3697 597 3760 nisi
621 3697 654 3759 in
679 3696 777 3760 tantis
813 3697 955 3760 tenebris
980 3695 1084 3758 lucem
1108 3695 1278 3778 quamdam

190 3823 305 3876 nectus
325 3831 444 3879 essem.
495 3815 644 3896 Namque
665 3812 947 3898 Freytagins,
978 3821 1166 3895 praeceptor
1183 3831 1275 3876 mous

191 3929 395 4014 clarissimus,
413 3931 564 4008 chronici
577 3932 775 4002 Halebensis
787 3929 1070 3997 alienu-udum
1093 3931 1276 4017 eorscrlpti,

193 4045 277 4128 quod
309 4048 380 4128 ipse
416 4049 550 4113 Parisiis
583 4037 829 4134 diligentissime
861 4046 1097 4130 descripserat,
1131 4065 1275 4131 summa,
