3056 4724
659 184 844 244 ..7.-

272 368 502 431 Verumtamen
525 383 588 428 non
614 366 804 450 defuerunt,
837 367 892 452 qui
924 365 1141 451 discrepantia
1172 372 1212 436 ab
1238 372 1287 436 his
1409 388 1413 395 ’

198 487 237 550 ds
250 481 437 548 Abel-Alae
457 483 615 547 caecitate
633 482 817 556 traderent„
833 483 930 574 Nam,
957 504 1021 546 non
1040 486 1101 549 nisi
1117 489 1178 551 sub
1195 489 1304 552 finem.
1401 497 1402 503 ’

196 605 286 667 vitae
310 603 417 664 lumen
451 605 525 662 eum
559 599 725 679 amisisse,
758 599 790 660 in
813 599 894 662 libro
920 600 1291 668 'lankirat-es-schoaro

198 719 370 804 inscripto,
397 713 615 779 Dauletschah
648 713 788 799 scriptor
818 713 968 780 Persicus
1002 726 1155 782 autumat.
1212 720 1289 782 lbn-

198 831 329 900 Shohna
356 839 463 897 autem
487 842 600 896 auctor
625 843 690 918 est,
712 831 828 918 inisse,
843 834 910 916 qui·
923 851 1057 898 caecum
1079 853 1158 898 esse
1182 827 1292 899 nattim

161 975 163 982 ·
199 950 441 1016 contenderant
467 951 559 1012 Haec
584 949 702 1028 autem,
727 954 801 1012 curn
823 949 897 1030 ipsa
919 969 978 1031 per
991 968 1029 1012 se
1047 969 1161 1032 parum
1174 949 1293 1016 habent

201 1066 415 1151 auctoritatis,
444 1065 563 1148 quippe
587 1081 670 1146 qnae
696 1083 780 1127 nono
808 1065 936 1130 demum
959 1065 999 1129 nir
1023 1065 1138 1147 hadjra
1158 1067 1294 1144 saecule
1340 1097 1343 1102 ¹
1395 1124 1398 1132 .

199 1187 321 1265 scripta
356 1188 449 1262 sont,
485 1183 552 1244 turn
584 1180 658 1246 ideo
691 1200 757 1253 nno
796 1187 869 1247 sunt
893 1179 1114 1267 admittenda,
1143 1183 1218 1263 qnia
1242 1187 1292 1246 eis

200 1317 335 1381 prorsus
359 1306 550 1384 repugnant,
578 1316 672 1380 quac,
698 1307 732 1360 et
757 1296 844 1380 apud
864 1296 1175 1380 Ilm-Khallioanum,
1197 1309 1236 1372 ,et
1261 1301 1293 1364 ia

202 1413 347 1497 plurimis
372 1417 491 1480 Divanl
517 1416 701 1497 codicibus,
737 1421 844 1498 iisque
877 1414 1084 1501 veterrimis,
1121 1416 1294 1502 adcsripm,

200 1535 327 1596 omnino
353 1534 435 1602 inter
452 1553 490 1596 se
515 1533 752 1618 concordantia,
777 1533 939 1618 legantur,
962 1533 1099 1614 scilicet,
1123 1535 1185 1598 snb
1198 1533 1295 1604 finem

200 1649 274 1712 anni
298 1647 372 1710 366
398 1657 454 1710 ant
478 1649 608 1710 ineante
632 1667 716 1710 anno
741 1646 814 1710 36⁷
840 1645 944 1709 oculis
970 1663 1045 1710 euna
1065 1658 1192 1730 captum
1206 1668 1294 1724 esse.

203 1763 288 1840 Quin
302 1762 408 1842 ipsum
421 1760 623 1822 Atalanten
647 1760 689 1822 ad
713 1759 903 1824 mediatem
927 1777 1020 1822 suam
1033 1759 1197 1847 allusisse,
1220 1783 1296 1828 oar-

203 1877 287 1944 nrioa
309 1879 410 1960 ipsios
436 1877 553 1940 docem
581 1895 643 1940 nan
675 1876 781 1942 semel
814 1881 912 1955 atque
953 1874 1058 1955 aliqua
1095 1875 1136 1938 de
1172 1878 1239 1945 hae
1261 1899 1297 1946 re

183 1999 392 2086 ,scriptorum
417 1995 612 2062 testimonia

192 2111 218 2152 '⁵
275 2153 361 2216 Nam
385 2171 480 2235 quum
493 2149 689 2214 Motenabbti
712 2119 863 2212 carmina¹
877 2147 1044 2232 permagni
1066 2129 1295 2230 iaceretpcis·

202 2291 263 2355 que
290 2267 535 2351 interpretandis
555 2268 687 2331 multam
706 2285 837 2361 operam
856 2265 1075 2350 impendisset,
1101 2265 1183 2334 huno
1210 2269 1296 2333 illius

202 2406 332 2452 versum
348 2385 388 2450 ad
405 2404 441 2450 se
456 2385 577 2448 referre
602 2383 747 2472 solebat,
774 2385 892 2469 quippe
922 2403 984 2465 qno
1010 2385 1082 2467 ipse
1107 2383 1298 2473 divinatoris

85 2559 90 2570 r
194 2503 339 2587 'quadam
356 2508 468 2563 *mente
494 2503 534 2564 ab
559 2501 611 2564 illo
638 2501 811 2581 praevisus
838 2499 955 2564 fuisset
989 2510 1085 2582 atque
1110 2509 1185 2565 ante
1211 2511 1296 2567 tem-

204 2637 262 2700 pus
288 2615 508 2702 significatus:
752 2637 755 2644 ’
1070 2619 1168 2681 Metr.
1194 2621 1297 2691 Basit

204 2802 300 2913 ῥῷ,
320 2856 351 2897 a
375 2861 419 2916 o·
445 2829 562 2920 gam<
586 2801 736 2920 ῥῶ,
776 2831 856 2931 „er
880 2830 1061 2930 Qasr
1079 2812 1140 2926 js}
1165 2826 1299 2916 &sne

283 3005 336 3068 »ls
359 3023 422 3091 ego
443 3024 515 3067 sum
535 3005 627 3068 euius
648 3003 842 3089 elegantiam
863 3023 982 3069 caecus
997 2985 1177 3089 conspexit,
1206 3003 1297 3068 cnios

200 3111 303 3186 verba
320 3122 459 3186 sordem
485 3121 665 3186 audientem
690 3120 906 3188 reddiderunt.
911 3142 928 3182 a
1000 3157 1003 3164 ·

278 3259 367 3354 Alios
392 3296 498 3352 semet
523 3287 629 3372 ipsum
654 3287 815 3372 alloquens
841 3287 936 3352 dixit:
1088 3289 1187 3353 Matr.
1215 3289 1299 3354 Sari.

205 3630 279 3676 oum
304 3605 397 3676 alteri
428 3606 509 3708 tjle
533 3609 652 3675 directe
669 3613 713 3675 sit
728 3616 885 3701 opposita,
911 3613 1112 3696 aptissimum
1137 3610 1295 3708 hocloco

205 3728 338 3775 sonsum
363 3713 506 3792 praebet.
555 3712 639 3774 Tum
665 3721 785 3799 autem,
817 3733 913 3795 quum
941 3731 983 3776 ex
1010 3713 1081 3776 aliis
1108 3712 1297 3776 certissimis

166 3821 172 3828 ·
208 3811 399 3874 testimoniis
425 3820 624 3892 compertum
647 3813 844 3898 habeamus,
874 3831 938 3876 non
963 3827 1026 3876 ono
1052 3820 1176 3878 tantum
1203 3813 1298 3878 oculo

208 3920 350 3996 captane,
367 3912 428 3976 sed
453 3910 579 3976 omnino
605 3931 738 3978 caecam
760 3913 961 3980 Abel-Alam
986 3913 1103 3998 foisse,
1128 3912 1205 3980 nihil
1217 3932 1298 3978 oao-

206 4027 267 4072 sae
293 4019 362 4098 est,
380 4032 439 4078 cur
461 4011 503 4076 ad
528 4012 631 4095 Sacyi
648 4013 859 4082 aonieotoranr
884 4031 1091 4080 recortanam.
1209 4081 1213 4089 ,
