3056 4724
696 216 899 276 „52-

251 417 397 491 Dionaeo,
411 412 521 494 inquit,
540 409 696 489 primitias
713 408 782 467 illas
800 424 942 485 poeseos
960 407 1088 488 ingenio
1101 427 1161 468 suo
1172 407 1343 470 lilrerairter

248 531 368 596 ellum
398 546 470 591 cum
483 532 558 609 igue
577 543 781 607 comparans,
801 525 855 605 qui
873 525 1009 610 igniario
1024 527 1143 606 primus
1162 528 1321 590 excitatur
1331 573 1342 610 ,

247 641 542 714 Sici-ezaend
557 660 673 704 nomen
700 639 869 704 indiderat.
898 642 981 706 llino
1000 650 1108 704 autem
1123 644 1220 706 nolim
1238 646 1341 707 conii-

246 783 320 828 cere
334 778 521 843 quemquam
537 778 577 820 ea
588 767 710 820 tantum
724 767 875 838 poemata
886 759 1057 820 Dimenom
1069 761 1249 840 complecti,
1259 780 1342 842 quae

129 879 134 884 ”
153 863 156 868 ’
207 911 213 918 ·
246 880 437 943 adolescens
450 876 622 940 siut-Ala
638 875 874 956 composuerit3
900 861 1032 938 etenim
1052 875 1184 956 plurima
1196 877 1339 960 iuverim,

245 999 346 1062 multa
357 994 461 1058 medio
482 994 609 1057 demum
631 1000 738 1054 aetate
767 993 981 1075 conscripsit,
1010 1001 1106 1072 atque
1121 998 1151 1055 si
1176 995 1253 1055 certi
1269 995 1342 1077 qui-

247 1114 319 1176 dam
351 1111 431 1174 lines
458 1109 620 1173 statuendi
646 1116 739 1185 sont,
779 1127 862 1189 quae
896 1110 935 1170 ab
961 1128 1044 1172 anno
1068 1111 1192 1172 aetatis
1218 1110 1341 1174 decimo

248 1237 365 1294 octavo
393 1244 495 1307 usque
521 1225 561 1287 ad
587 1222 868 1308 quadragesimum
887 1223 1039 1308 condidit,
1053 1245 1093 1286 ea
1119 1223 1188 1288 fere
1207 1226 1342 1289 dixerim

171 1422 176 1432 .
246 1339 463 1406 Sictezoendc
499 1341 678 1404 contineri„
719 1338 811 1432 Quae
839 1359 934 1420 quum
949 1339 1026 1404 ‘sint
1051 1360 1201 1420 perquam
1227 1341 1341 1426 multa,

245 1456 397 1520 videlicet
422 1463 550 1518 centum
584 1462 618 1516 et
643 1453 829 1538 duodecim,
863 1472 927 1515 non
952 1454 1198 1534 inopportunum
1225 1455 1284 1516 erit
1308 1460 1341 1517 in

247 1581 336 1636 certa
361 1570 516 1654 quaedam
541 1589 663 1654 genera
689 1590 731 1630 ex
759 1571 936 1652 argumenti
962 1563 1085 1632 ratione
1111 1569 1265 1632 dividere.
1308 1597 1312 1610 ¹

316 1689 421 1774 Igitur
457 1687 702 1750 carminibus
738 1686 1024 1767 laudatoriis,
1076 1705 1172 1766 quum
1209 1695 1338 1748 caetera

245 1806 351 1870 omnia
375 1825 508 1867 numero
534 1805 632 1888 longe
658 1803 827 1889 excedant,
855 1809 976 1884 primus
1018 1805 1063 1866 sit
1091 1804 1193 1866 locus.
1246 1801 1339 1881 Quod

245 1923 425 2008 argumenti
450 1941 556 2006 genus
594 1930 629 1982 ut
652 1926 776 2002 possim
802 1921 975 1982 ostendere
1002 1923 1114 2002 quibus
1136 1921 1237 1982 trariis
1268 1939 1340 1982 mo·

247 2040 296 2104 dis
321 2057 341 2100 a
367 2047 479 2100 nostro
508 2043 552 2099 sil
579 2042 763 2114 tractatum,
796 2054 864 2094 rem
883 2053 1021 2096 necesse
1048 2044 1099 2094 est
1123 2033 1217 2114 paulo
1243 2035 1340 2094 altius

245 2160 399 2234 repetam.
431 2152 604 2216 Poetarum
632 2157 792 2230 veterum,
832 2164 912 2228 quas
940 2148 1079 2210 Casidas
1105 2159 1242 2234 vocant,
1278 2169 1341 2210 nc-

131 2291 133 2296 ’
242 2280 310 2332 tum
334 2275 395 2353 est,
422 2267 524 2340 tribus
553 2264 621 2328 lere
646 2264 792 2346 partibus
818 2272 980 2326 constare.
1023 2265 1109 2326 Nam
1122 2267 1210 2328 initio
1237 2287 1257 2328 a
1284 2287 1340 2354 ref

168 2365 171 2371 ¹
216 2385 303 2450 'ltus
332 2383 491 2446 amatoriis
519 2389 612 2463 capto
653 2380 693 2468 ad
733 2382 848 2442 itinera
873 2399 935 2442 sua
960 2379 1171 2443 describenda
1189 2384 1340 2462 plerum-

247 2521 310 2583 que
335 2508 513 2582 trooseunt,
539 2499 611 2561 inde
624 2507 731 2562 autom
747 2518 818 2560 eam
831 2498 958 2560 tandem
978 2519 1054 2584 rem,
1081 2500 1111 2562 in
1137 2519 1199 2580 qua
1224 2518 1339 2580 poema

247 2616 384 2676 maxime
409 2615 560 2688 vertitur,
598 2614 712 2708 adoriri
737 2615 853 2676 solent..
897 2617 991 2678 llunc
1016 2633 1095 2677 vero
1120 2635 1225 2676 rerum
1251 2613 1338 2675 ordi-

246 2748 330 2816 nem,
357 2747 448 2810 quern
473 2730 650 2812 priscorum
683 2733 831 2812 exemplo
863 2731 1119 2810 commendatum
1141 2733 1340 2816 posteriores

247 2856 400 2930 tanquam
426 2849 528 2932 legent
553 2851 781 2932 necessariam·
797 2850 973 2932 subierant,
998 2852 1237 2936 Motenabbius,
1262 2852 1340 2914 licet

245 2964 278 3024 in
306 2965 498 3028 carminibus
530 2964 599 3026 suis
625 2965 811 3044 plerumque
838 2970 968 3024 secutus
995 2969 1051 3045 sit,
1086 2970 1205 3044 primus
1233 2975 1338 3028 tamen

245 3084 279 3139 ut
295 3077 451 3140 lactitium
470 3086 566 3156 atque
582 3051 716 3139 ¹naturae
743 3086 976 3162 repugnantem
989 3078 1199 3162 impugnasse
1225 3047 1335 3145 fertur,

245 3189 392 3253 llundem
417 3190 586 3253 Abul-Ala
612 3191 706 3253 huius
741 3167 882 3253 fortasse
909 3193 1099 3256 anctoritate
1125 3193 1225 3259 fretus
1264 3198 1338 3277 ple-

169 3349 173 3358 .
246 3325 379 3390 rurnque
406 3306 562 3394 neglexit,
588 3328 661 3384 nam
685 3309 879 3392 paucissima
911 3307 996 3388 apud
1022 3329 1095 3370 eum
1121 3317 1258 3376 carmina
1283 3335 1338 3376 re-

249 3427 414 3504 periuntur
451 3422 491 3484 ad
516 3423 601 3486 illam
627 3425 754 3490 casidae
783 3427 928 3506 antiquae
953 3444 1094 3488 normam
1120 3429 1341 3513 conformata3v

246 3545 382 3626 quodsi
407 3547 531 3630 quando
558 3549 621 3612 duo
649 3551 702 3613 illa
723 3549 1049 3640 ‚prioraargur'nento
1074 3523 1228 3638 assumit,
1248 3535 1335 3616 ordiss

195 3695 201 3715 κ
246 3677 319 3727 nem
345 3671 452 3726 tamen
477 3665 645 3730 varietatis
671 3668 777 3758 gratia
802 3667 912 3730 multis
936 3667 1036 3730 modis
1053 3645 1192 3730 -in'vertit
1237 3679 1333 3750 atque

247 3794 290 3838 ex
316 3776 378 3842 alia
409 3788 446 3842 re
480 3780 511 3842 in
536 3783 824 3872 aliamingeniosa
850 3755 959 3877 saepe¹
986 3784 1173 3846 transitione
1207 3784 1246 3846 de
1274 3787 1335 3850 im·
1375 3794 1379 3798 ’

244 3893 378 3985 proviso
417 3896 561 3964 decurrit.
617 3901 720 3984 Quale
736 3911 738 3918 '
756 3923 884 3967 carmen
919 3884 994 3966 illud
1023 3903 1054 3964 in
1081 3901 1334 3976 Said-eddaolae

245 4004 369 4102 laudem
395 4015 558 4103 scriptum,
586 4021 669 4101 qnod
695 4021 824 4102 primum
851 4020 882 4080 in
909 4021 1044 4082 lliwaoo
1073 4019 1176 4080 locum
1205 4003 1340 4096 obtinet,
