3056 4724
517 851 969 968 Praefatlot
1005 843 1009 864 '

179 1231 457 1363 Postquam
483 1271 582 1362 per
600 1245 844 1336 triennium
866 1244 914 1332 in
941 1243 1124 1330 litteras
1150 1185 1275 1329 Ara·

181 1369 305 1456 bicas
332 1365 525 1478 incubui,
549 1364 786 1454 consilium
813 1362 912 1475 cepi
939 1359 1100 1446 edendi
1125 1359 1275 1472 speci·
1423 1449 1429 1454 ,

175 1485 315 1572 ‘minis
346 1483 559 1595 alicuius,
604 1508 716 1597 quo,
757 1479 865 1595 quid
892 1476 1192 1592 profecissem
1229 1471 1277 1564 in

180 1603 267 1689 hac
300 1598 564 1711 disciplina,
597 1623 780 1710 possem
811 1594 1066 1684 ostendere.
1124 1590 1278 1696 Quare

178 1742 315 1829 quum
342 1714 502 1798 'vnum
539 1713 922 1819 illustrissimum,
963 1709 1277 1821 Romuleum,
1329 1715 1332 1724 '

181 1835 523 1946 praeceptorem
536 1851 681 1912 meum
695 1825 1037 1913 dilectissimum
1051 1823 1279 1936 adiissem,

180 1948 277 2054 ille,
303 1968 392 2058 qua
412 1952 483 2030 cst
502 1942 794 2052 humanitate,
817 1966 907 2027 non
927 1939 1074 2027 solum
1089 1940 1278 2032 consilii

72 2089 74 2094 ·
179 2071 426 2173 auctorem,
458 2060 539 2148 sed
566 2059 704 2146 etiam
721 2055 1277 2171 perficiundi'adiutorem,

181 2207 233 2269 sc
259 2177 371 2264 mihi
394 2174 617 2290 praebuit.
648 2177 854 2288 Namque
873 2174 1144 2262 nibal-Alae
1170 2200 1276 2262 car-

180 2295 301 2383 mina
326 2292 544 2408 quaedam
570 2292 933 2407 praestantiora,
963 2290 1157 2402 inedita,
1195 2317 1276 2378 ea·
1450 2362 1452 2368 ,

181 2412 368 2522 demque
394 2409 585 2498 scholiis
614 2410 851 2498 illustrata
872 2407 1128 2518 luculentia,
1162 2433 1278 2522 quae

182 2528 283 2642 ipse
306 2556 366 2614 ex
396 2526 550 2614 codice
571 2525 825 2614 Parisiensi
850 2525 1171 2639 descripserat,
1195 2524 1277 2612 be·-
1455 2545 1458 2553 ’

181 2645 230 2732 ni
264 2643 450 2731 nissime
474 2666 644 2728 mecum
666 2642 1022 2730 communicavit.

212 2811 216 2836 -.
230 2671 357 2846 blox
375 2765 524 2844 autem
538 2756 629 2842 alia
645 2757 757 2845 mihi
777 2758 978 2847 subsidia
999 2756 1277 2874 obtigerunt.

184 2872 330 2978 Quum
363 2873 480 2960 euim
506 2871 778 2988 Lugdunum
803 2877 1083 2964 Batavorum
1111 2875 1277 2961 itinere

182 2973 410 3099 adiissem,
433 2989 717 3077 clarissimus
738 2989 965 3098 Wurncs,
999 2992 1072 3078 oui
1098 2991 1276 3108 gaudeo

182 3130 319 3219 posse
342 3109 518 3222 gratias
534 3131 675 3222 agere
693 3105 884 3220 publice,
905 3116 953 3194 et
974 3106 1277 3221 amplissimos

88 3231 91 3237 ’
183 3223 517 3310 ΒίὴΙίοῑΙιοοειθ,
536 3201 858 3337 Lugdunensis
891 3225 1139 3312 thesauros
1165 3207 1277 3340 milri

123 3429 125 3448 ‚
183 3338 377 3452 aperuit,
403 3347 449 3424 et
474 3340 588 3425 duos
612 3338 792 3427 codices
813 3339 936 3444 (472
958 3349 1007 3426 et
1029 3342 1166 3447 605),
1197 3337 1275 3450 qui

182 3463 329 3554 totum
362 3453 641 3541 Abul-Alae
667 3456 909 3543 lliwanum
936 3479 1024 3543 una
1053 3482 1150 3541 cum
1180 3455 1275 3540 Te-

111 3672 116 3679 ,
183 3571 320 3660 bricii
334 3580 381 3658 et
394 3570 1137 3660 Abul·fadhliKhowarezmensis
1151 3595 1275 3659 com·-

184 3687 418 3775 meutariis
438 3686 722 3797 exhibebant,
743 3713 912 3776 summa
933 3687 1210 3800 liberalitate
1228 3689 1276 3774 in

185 3831 314 3892 usum
333 3805 561 3918 privatum
573 3805 684 3890 mihi
698 3805 918 3917 permisit.
938 3853 996 3866 -
1015 3803 1187 3909 Quibus
1200 3804 1274 3891 in·

185 3929 389 4009 structus
419 3919 699 4031 adiumentis,
735 3922 885 4034 potui,
923 3922 1044 4036 quod
1082 3921 1273 4033 primum

182 4063 390 4151 ceperam
407 4036 654 4150 consilium,
668 4038 957 4152 amplificare,
972 4047 1018 4124 et
1031 4039 1156 4125 ultra
1173 4045 1272 4124 ter-

1080 4188 1096 4250 1
