3056 4724
638 267 840 334 433..-

191 441 301 525 nigrna
320 443 465 509 ιιιιιιιιιι
490 445 645 511 ineiusom
672 451 900 528 continebatur.
944 455 1018 537 Qua
1036 461 1178 542 epistota
1199 485 1276 548 per
1347 457 1352 467 ¹

189 551 285 630 tecta,
307 549 387 618 illico
408 571 599 637 responsum
626 558 738 623 Abni-
747 563 827 648 AIo,
863 565 977 630 ecdem
1004 572 1125 669 metro,
1155 576 1275 640 eodem

189 679 340 732 versuum
362 667 452 726 exitu
474 683 566 750 usus,
586 667 749 733 tabellario
771 669 919 740 dictavit.¹
957 678 1065 776 Atque
1084 679 1146 745 hac
1167 679 1277 748 eaden
1391 671 1395 679 ¹

190 771 273 855 lege,
295 773 549 856 quotiescunque
569 775 701 838 aliorum
722 789 888 858 poetarum
902 785 1277 875 carminibusrespondit,
1321 853 1323 858 ,

189 897 316 962 semper
336 899 375 944 se
395 881 571 947 adstrinxit
620 886 673 948 Ad
701 887 857 952 eiusmodi
883 890 994 977 indos,
1022 895 1184 960 Arabibns
1211 905 1276 963 tum

186 997 323 1060 maxime
348 997 501 1081 imitatos,
527 999 553 1062 is
572 999 666 1062 etiam
685 980 874 1066 referendus
900 1015 963 1086 est,
983 1026 1086 1091 equam
1112 1009 1199 1110 3)·ρι
1214 1020 1280 1077 uod

187 1140 316 1223 cabant,
337 1141 391 1224 qui
412 1141 538 1224 quidem
559 1141 665 1228 nebat,
688 1141 786 1225 quum
805 1151 916 1226 poeta,
929 1147 933 1154 '
947 1150 1040 1214 unius
1069 1102 1199 1218 ιιιιιιιι1
1217 1158 1278 1221 sibi

188 1249 351 1331 propositi,
372 1233 438 1314 tam
453 1261 673 1336 argumentum
695 1272 788 1336 ιιιιιιιιι
808 1265 943 1320 metrum
964 1267 997 1321 et
1008 1261 1277 1330 homoioteleuton

188 1359 328 1425 cannino
345 1360 477 1446 longiori
497 1361 710 1426 continuabat.
731 1363 839 1428 Huius
861 1369 956 1432 etiam
976 1375 1157 1455 exemplum
1179 1395 1276 1441 unum

191 1457 378 1532 Anni-'Alae
394 1470 565 1532 Diwanum
588 1469 726 1537 exhibet.
812 1487 815 1493 ’
872 1495 875 1500 ·

272 1611 337 1674 'l'ot
358 1619 474 1674 ettam
495 1611 646 1692 ineundis,
669 1614 781 1700 quibus
802 1613 943 1696 Bagdadi
964 1616 1173 1703 detinebatur,
1196 1624 1278 1687 ami-

189 1721 282 1784 citiae
302 1717 450 1800 vineolis,
478 1726 599 1780 mature
631 1718 734 1779 Anni·
738 1719 801 1780 Ala
826 1718 941 1796 infesto
968 1741 1047 1787 nasu
1067 1737 1196 1809 ereptus
1217 1741 1278 1798 est
1294 1737 1296 1752 '

80 1862 83 1872 ·
190 1805 287 1909 Nam,
308 1832 477 1910 postquam
509 1845 566 1906 per
586 1844 701 1888 annum
725 1833 762 1888 et
780 1836 905 1920 septem
926 1849 1050 1918 menses
1071 1835 1114 1896 ibi
1135 1854 1279 1901 commo·-
1309 1842 1312 1846 ’

193 1939 281 1996 ratus
309 1938 396 2010 eret,
425 1925 552 1992 nuntius
573 1933 605 1992 ei
627 1937 685 1992 est
700 1929 822 2007 allatus,
857 1941 988 1998 matrem
994 1979 1007 2012 ,
1039 1956 1133 2033 quam
1154 1959 1278 2008 summo

176 2013 296 2100 'amore
325 2034 610 2117 complectebatur,
648 2037 791 2118 graviter
816 2047 995 2121 aegrotare.
1066 2027 1138 2124 Quo
1171 2052 1280 2115 nuntio

188 2154 331 2226 accepto,
354 2144 514 2210 Maarram
534 2143 642 2206 statim
664 2145 826 2224 proiectus
849 2156 945 2230 atque
957 2155 1097 2216 maxima
1118 2155 1148 2217 iu
1169 2158 1279 2226 itinere

188 2253 393 2318 festinatione
404 2269 497 2328 usus,
511 2250 615 2312 serius
636 2257 742 2314 tanen
754 2251 897 2340 advenit,
907 2275 980 2318 nom
990 2267 1122 2324 matrem
1135 2285 1197 2328 non
1217 2269 1278 2332 nisi

189 2365 366 2427 exanimem
393 2360 523 2424 invenit.
570 2361 675 2422 Huius
708 2369 842 2429 mortem
871 2364 1059 2432 Anni-Ala
1091 2370 1144 2434 diu
1180 2384 1274 2457 atque

176 2469 381 2555 ¹gravissime
399 2468 487 2542 luxit,
510 2486 613 2549 neque
634 2485 696 2530 uno
718 2475 839 2531 tanturn
850 2471 998 2554 carmine,
1010 2493 1072 2556 quo
1095 2477 1277 2550 defunctam

188 2579 329 2660 deflevit,
356 2595 470 2638 verum
495 2577 594 2638 altero
616 2576 723 2658 etiam,
746 2577 830 2658 quod
859 2580 1018 2663 eliquanto
1044 2596 1119 2666 post
1145 2608 1278 2676 compo-

191 2687 264 2768 suit,
285 2685 385 2747 vitam
406 2685 476 2766 sibi,
505 2703 601 2766 quum
623 2687 722 2747 matre
742 2685 784 2747 sit
804 2686 944 2771 orbatus,
966 2691 1011 2753 sit
1031 2692 1157 2759 fastidio
1186 2719 1274 2785 esse,

192 2801 286 2876 atque
306 2799 381 2854 ante
402 2811 473 2854 cam
493 2809 531 2854 se
553 2792 631 2854 mori
650 2793 808 2872 notuisse,
830 2806 865 2859 ut
885 2797 916 2860 in
936 2799 1002 2863 his:

1031 2935 1124 3000 Metr.
1146 2937 1274 3004 Waferss

147 3622 149 3628 ¹
270 3596 471 3671 „Praevertit
490 3585 541 3668 me
561 3606 603 3669 od
623 3609 768 3689 sepulcra
789 3593 904 3696 mater,
925 3584 1020 3694 quem
1040 3621 1114 3681 onte
1134 3639 1186 3684 me
1203 3587 1276 3690 ιιὶιι

187 3716 337 3794 cessisse,
360 3715 501 3801 graviter
520 3713 633 3796 doleo,

270 3841 362 3922 »Qua
392 3832 549 3925 mortua,
564 3845 626 3907 etsi
655 3849 827 3912 canescere
854 3849 921 3912 iam
946 3845 1137 3942 coeperam,
1160 3843 1273 3930 infans
1394 3915 1395 3923 ι

188 3949 265 4046 mihi
281 3967 380 4034 ιιιιιι
401 3958 472 4022 suru
506 3968 683 4015 amammo
703 3952 839 4019 noudum
859 3965 1010 4056 remotus
1039 3961 1151 4044 (Adeo
1172 3983 1273 4084 matre

188 4041 275 4122 sormi
295 4065 347 4122 uie
367 4068 477 4124 carere
496 4073 575 4122 non
568 4066 725 4145 possete
