3056 4724
708 241 894 304 ..2-

253 429 399 515 minos
419 425 476 511 ab
487 423 620 510 initio
636 421 911 511 constitutos
925 424 1191 534 opuseulum
1202 449 1344 512 meum

253 543 514 633 extendere.
581 537 681 643 Quo
720 538 940 651 opusculo
968 538 1077 650 quid
1108 540 1346 651 voluerim,

251 659 408 775 paucis
430 655 587 744 verbis
611 680 845 768 exponam.
871 655 941 742 Ac
959 654 1151 767 primum
1170 657 1347 770 quidem

251 775 379 863 volui
391 772 655 890 bipartitmn
669 798 789 881 esse,
800 770 867 856 ita
877 779 927 857 ut
940 770 1071 884 prior
1080 795 1189 884 pars
1199 773 1347 862 Abul-

254 894 374 981 Alae
392 892 536 978 vitam
555 881 831 996 contineret‚'
856 894 1137 998 protractam
1156 889 1349 1001 quidem,

253 1035 460 1126 magnam
489 1013 679 1121 partem,
710 1031 770 1090 ex
801 1002 1062 1092 auctoribus
1095 1002 1184 1090 iam
1217 1015 1350 1093 antea

213 1137 217 1142 '
255 1125 425 1242 publici
462 1123 579 1212 iuris
611 1121 774 1229 factio,
808 1129 984 1207 auctam
1028 1128 1176 1207 autem
1217 1123 1350 1210 novis

256 1241 546 1348 testimoniis,
560 1236 784 1354 exipsius
798 1246 961 1349 poetae
981 1235 1252 1330 carminibus
1267 1239 1350 1328 ‹le-

255 1357 463 1474 promtis.
488 1357 655 1445 Altera
673 1352 1061 1442 commentationis
1079 1379 1189 1464 pars
1203 1355 1351 1448 tribus

256 1482 437 1566 constat
465 1471 701 1586 capitibus.
740 1469 941 1576 Quorum
961 1469 1008 1560 in
1029 1470 1174 1582 primo
1193 1472 1350 1584 dispu-

255 1591 354 1680 tavi
396 1590 452 1676 de
484 1589 682 1679 Diwano
713 1587 764 1677 in
795 1587 1079 1695 uuiversum,
1126 1595 1262 1702 atque
1296 1589 1353 1680 ue

138 1717 140 1721 ’
258 1707 418 1816 variis,
450 1733 566 1820 qnae
589 1732 645 1794 eo
673 1703 974 1814 continentur,
999 1703 1243 1794 carminum
1268 1731 1354 1822 ge-

257 1823 457 1916 neribus.
514 1824 570 1914 ln
606 1821 819 1932 secundo,
853 1847 968 1936 quae
1001 1820 1063 1910 sit
1084 1821 1354 1912 Abul-Alae

258 1968 452 2058 poeseos
487 1939 687 2030 conditio
727 1946 864 2048 atque
898 1947 1082 2035 natura,
1124 1965 1353 2050 exponere

261 2066 397 2168 atque
411 2054 635 2165 exemplis
645 2053 886 2148 illustrare
902 2079 1000 2140 sum
1015 2062 1215 2142 conatus.
1233 2057 1352 2146 Ter·

258 2172 326 2260 tio
345 2169 537 2282 denique
556 2176 824 2284 argumenta
845 2167 1102 2280 praecipua,
1127 2168 1355 2284 inquibus

258 2286 460 2378 carmina
486 2282 769 2374 Abel-Alae
793 2290 1059 2390 versantur.
1080 2284 1355 2404 singulatim

263 2410 523 2514 exsecutus,
558 2399 615 2492 oe
647 2422 915 2514 unoquoque
944 2399 1189 2512 specimina
1217 2427 1355 2516 prae-

266 2519 495 2612 stantiora
522 2503 670 2608 attuli.
1349 2601 1352 2605 ,

336 2636 440 2722 Hoc
468 2639 736 2752 argumento
761 2629 1001 2724 tractando
1032 2631 1074 2722 si
1100 2632 1197 2722 ulio
1223 2632 1355 2722 morlo

263 2751 550 2846 subcinctum
570 2759 643 2842 est
663 2777 691 2842 a
710 2775 780 2848 me
795 2748 1000 2842 virorum
1018 2748 1254 2840 doctorum
1271 2777 1356 2840 ex-

264 2868 558 2984 spectationi,
590 2866 733 2960 dobeo
760 2865 862 2973 hoc,
900 2864 1139 2956 maximam
1168 2877 1357 2979 partem,

267 2986 373 3079 viro
393 2985 663 3091 clarissimo,
680 2981 952 3083 osannae,
971 2978 1099 3068 cuius
1125 3005 1210 3092 ope
1228 2981 1358 3070 licuit

269 3101 381 3193 nihi
390 3100 510 3190 viam
520 3099 578 3190 ad
587 3096 756 3187 altiora
767 3093 815 3203 iu
825 3093 912 3210 hau
921 3091 1159 3206 disciplina
1171 3097 1359 3210 munire,

270 3216 431 3328 cuique
449 3220 641 3326 propter
660 3233 830 3302 samma
848 3207 896 3298 iu
913 3234 985 3300 me
1002 3211 1166 3300 merita
1178 3223 1358 3329 gratnm

269 3332 463 3424 ammom
485 3325 663 3441 publice
685 3323 923 3418 testificor.
964 3324 1126 3439 Neque
1150 3331 1358 3442 profecto

267 3445 561 3540 omittendum
585 3449 658 3532 est
682 3441 795 3535 mihi
812 3447 1024 3554 quantum
1043 3443 1358 3536 cotennen-

269 3576 550 3672 oammsnaao,
569 3558 674 3652 viro
692 3556 969 3668 doctissimo,
987 3559 1060 3648 cui
1078 3569 1268 3674 propter
1285 3562 1358 3650 in-

269 3678 549 3772 stitutionem
573 3685 621 3763 et
643 3674 834 3770 oonsilio
858 3683 918 3782 et,
941 3699 1111 3786 quame
1136 3687 1356 3789 prosecu-

271 3803 347 3888 tus
366 3805 452 3906 est,
466 3790 743 3908 benignitate
762 3789 939 3907 gratias
953 3789 1096 3883 habeo
1120 3801 1167 3881 et
1183 3793 1357 3884 habebo

272 3939 451 4027 sempor
476 3937 607 4025 quam
633 3934 817 4022 possum
843 3904 1073 4000 maximas.

687 4115 947 4152 ——ooo—
