3070 4720
606 236 810 297 *95-

238 431 305 490 lam
331 436 444 503 autem,
471 427 643 506 quaesitius
669 428 708 490 ad
733 429 878 512 singulas
895 431 1037 510 syllabas
1058 433 1243 497 descendit:

1010 551 1106 611 Metr.
1132 553 1244 614 Tawil.
1328 579 1330 589 ’

165 719 282 833 ip'm
297 719 412 834 0032
428 717 594 847 02¹2*in
615 748 654 810 ’ὁὶ
706 721 1247 864 wiensi-eiborico&

247 936 329 996 »Est
355 939 386 995 in
412 935 502 994 nobis
527 953 567 996 ex
593 937 727 998 avaritia
747 936 854 997 Sodae
880 937 943 1017 (sc.
960 939 1067 1001 immiti
1080 941 1150 1001 eins
1167 961 1246 1024 erga

163 1053 226 1112 n'os
252 1052 374 1130 animo)
401 1056 491 1131 quasi
514 1071 628 1113 nomen
653 1058 735 1133 eiuS,
762 1075 856 1136 quum
882 1063 949 1119 ain
976 1069 1008 1120 et
1035 1061 1094 1122 sin
1131 1061 1244 1123 litteris

166 1167 355 1230 destitutum
385 1176 468 1227 estu

242 1333 375 1395 Scilicet
401 1323 549 1412 superest
574 1315 634 1418 &d
645 1337 779 1418 syllaba,
812 1360 894 1422 quae
920 1342 1063 1403 similiter
1090 1354 1184 1406 sonat
1209 1364 1246 1406 ac

169 1445 222 1509 rb>
241 1450 376 1509 morbus,

545 2040 676 2108 caput
693 2037 872 2094 ter-tinini.

243 2236 346 2316 Quum
370 2242 414 2299 sit
438 2237 469 2298 in
494 2240 713 2318 superioribus
742 2238 873 2324 dictum,
894 2259 974 2320 quae
994 2245 1166 2307 carminum
1183 2265 1243 2329 ge-

165 2376 243 2418 nera
268 2373 387 2436 quaque
414 2364 483 2448 arte
509 2356 675 2418 Abul-Ala
700 2358 876 2441 scripserit,
916 2359 992 2421 nihii
1025 2361 1158 2441 amplius
1185 2375 1254 2427 su-'

166 2481 287 2555 peresi,
312 2472 374 2534 nisi
399 2478 432 2534 ut
457 2471 496 2534 ad
522 2493 575 2534 res
601 2472 748 2557 singulas
774 2493 824 2535 me
851 2473 1025 2563 demittam,
1051 2497 1130 2558 ques
1155 2482 1247 2560 poesi

168 2591 272 2652 soient
296 2589 450 2652 adornare
476 2597 591 2668 poetae
625 2591 754 2673 arabici,
790 2601 884 2669 atque
915 2592 1138 2671 speciminibus
1160 2599 1246 2678 ·qni-

170 2708 300 2770 busdam
325 2706 458 2787 prolatis
486 2704 630 2767 studeam
651 2706 830 2785 ostendere,
844 2726 906 2789 qno
933 2706 1246 2791 modo'unamquam-

171 2844 231 2905 qne
259 2843 366 2887 earum
393 2832 503 2885 noster
528 2824 724 2886 tractaverit.
777 2821 899 2902 Quibus
925 2824 1020 2886 rebus
1046 2836 1081 2887 ut
1107 2827 1247 2890 ordinem

169 2942 335 3022 quemdam
360 2940 503 3025 inferam,
520 2961 577 3004 eas
590 2919 724 3023 primum
736 2959 902 3020 exsequar,
917 2958 996 3020 quae
1022 2942 1129 3004 casida
1156 2961 1246 3004 com-

169 3061 319 3140 prehendi
343 3059 460 3142 soient,
496 3049 560 3122 rem
587 3060 780 3143 amatoriam,
817 3059 962 3122 itinerum
988 3058 1246 3141 descriptionem,

171 3177 305 3240 laudem.

243 3292 343 3376 igitur
368 3299 425 3356 rei
450 3294 675 3358 amatoriae
702 3300 823 3375 primus
851 3295 894 3356 sit
911 3298 1107 3378 iocus,quae
1122 3266 1244 3373 quidem

169 3411 255 3494 apud
280 3413 478 3478 Abul-Alam
507 3433 568 3476 nou
596 3423 660 3475 tam
697 3433 841 3496 magnas,
877 3431 967 3494 quam
992 3410 1074 3491 apud
1100 3417 1246 3484 caeteros

127 3499 131 3512 .
168 3531 253 3591 solet
283 3537 406 3614 poetas,
433 3541 542 3611 partes
568 3529 696 3591 obtinet.
724 3529 868 3590 Amicam
894 3527 952 3589 sibi
978 3532 1188 3604 campestrem
1213 3533 1247 3585 et

168 3645 305 3724 quidem
320 3665 438 3729 genere
464 3647 633 3709 Kilabitam
643 3638 671 3724 ¹)
696 3645 879 3724 pierumque
905 3641 1008 3723 finxit,
1026 3639 1121 3734 errius
1148 3660 1246 3703 causa

169 3759 299 3826 deserta
323 3763 384 3826 sibi
408 3774 503 3848 grata
526 3783 601 3826 esse
628 3763 682 3844 ait,
709 3765 799 3822 utin
825 3761 896 3822 hisi
1009 3759 1104 3834 Matr·
1131 3757 1244 3820 Tawil.

1078 3956 1243 3968 ——-——-·

219 4075 248 4161 ¹)
274 4083 480 4148 Kilabitarum
505 4087 604 4149 tribus
621 4086 800 4168 vagabatur
825 4103 881 4165 per
893 4090 994 4145 terras
1016 4081 1161 4144 desertas
1174 4079 1242 4159 Sy-

274 4287 279 4318 i
