3056 4724
722 223 927 290 ..ω-ι

280 417 342 515 qua
366 427 413 494 nti
434 423 536 507 solid,
570 417 780 504 benignitate,
806 418 938 501 copiam
964 417 1040 483 mihi
1064 420 1148 485 lacit
1206 420 1282 486 lnda
1305 422 1369 506 igi-

277 562 331 615 tur
358 547 474 629 aliqua,
499 559 583 624 quaa
607 540 649 604 ad
666 560 734 603 rem
760 539 892 623 faciunt,
912 552 1065 626 excerpta
1089 545 1222 610 tradam.

379 679 540 760 Alcppum
565 682 642 739 tunc
667 679 840 757 temporis·
856 676 1077 742 llamdanidaa
1114 678 1217 745 adbuc
1242 681 1369 744 obtine-

276 805 363 868 bant.
399 797 497 879 Nam,
521 802 694 875 postquam
708 792 946 858 Sais-liddaula
971 795 1106 860 illustris
1132 798 1186 860 illc
1202 798 1367 886 princeps,

275 920 339 1003 qui,
362 927 428 980 tum
454 913 552 976 rebus
576 910 727 974 inbellis
753 920 866 976 contra
894 910 1041 978 Graecos
1056 913 1222 996 proculam
1247 916 1367 1002 gestis

274 1043 343 1108 turn
367 1027 563 1098 Motenabbii
594 1027 731 1092 inaximo
768 1025 916 1092 laudibus
955 1038 1120 1093 aeternam
1150 1030 1288 1120 adaptus
1314 1041 1368 1096 ost

273 1154 401 1232 lamam,
426 1165 508 1212 anuo
535 1145 608 1210 356
633 1145 723 1230 obiit,
748 1144 983 1223 sad-Eddapda
1015 1145 1085 1220 cius
1110 1148 1195 1214 filius
1220 1149 1261 1213 ad
1285 1167 1367 1234 rog-

273 1287 349 1336 num
363 1267 541 1348 per-vonit,
578 1261 671 1324 fortis
703 1261 832 1345 quidem
864 1263 919 1326 illc
954 1275 1050 1346 atqua
1083 1264 1207 1328 virtuto
1241 1265 1366 1330 militari
1397 1325 1399 1330 .

273 1394 366 1469 patro
405 1399 468 1444 nou
504 1380 673 1465 indigum,
702 1379 776 1444 scd
809 1380 948 1446 adversa
987 1382 1123 1464 primum
1158 1382 1364 1448 tumultuosis

213 1480 215 1484 ¹
271 1502 335 1571 illis
361 1498 557 1583 temporibus
578 1497 704 1562 fortuna
729 1514 819 1562 usus.
869 1499 956 1561 Ncm
973 1483 1193 1581 'praetorianis
1213 1479 1365 1590 militibus
1397 1579 1399 1586 Ι

225 1662 227 1668 ·
273 1621 334 1705 (st
351 1618 446 1688 modo
483 1611 583 1712 obli:
623 1617 672 1682 sic
700 1625 831 1680 vertere
858 1617 1002 1699 licuerit)
1036 1615 1306 1680 insolescentibus
1331 1613 1364 1678 in

271 1738 354 1825 dics,
379 1743 414 1800 ct
437 1735 604 1822 Karghuia
627 1753 736 1800 eorum
768 1733 851 1798 duco
876 1754 1032 1798 summum
1057 1735 1222 1820 imparium
1241 1733 1363 1818 ,affect-

270 1863 363 1940 ante,
399 1870 514 1939 ragno,
550 1851 676 1918 biennio
702 1858 870 1933 postquam
888 1854 1084 1936 (occupavit,
1110 1869 1273 1914 excussus
1298 1858 1361 1918 est.
1492 1843 1497 1854 '

271 1970 389 2051 Quinto
424 1980 532 2033 autem
562 1986 645 2030 anno
671 1975 764 2049 post,
798 1967 923 2030 llalebo
960 1985 1076 2028 rursus
1102 1967 1244 2051 potitus,
1277 1965 1361 2028 lines

268 2105 348 2152 suos
371 2083 604 2149 aGraccorum
628 2081 862 2145 incursionibus
888 2079 1013 2143 fortiter
1038 2080 1141 2142 tuitus
1167 2089 1229 2144 cst.
1256 2082 1361 2170 Hunc,

269 2219 351 2268 anno
373 2194 892 2281 381mortuum,Saiu-uduaun
917 2195 1000 2259 lilius
1026 2195 1162 2276 excepit,
1189 2214 1252 2278 quo
1279 2215 1361 2283 rog·
1406 2203 1425 2226 ·’

267 2327 363 2384 nante
387 2315 553 2400 imperium
577 2313 848 2379 Hamdouidarum
873 2315 906 2377 in
928 2317 1050 2378 ruinam
1075 2317 1182 2399 coepit
1206 2337 1359 2405 vergere.

267 2435 368 2522 Nam,
400 2451 493 2514 quum
517 2430 646 2495 iuvenis
680 2427 847 2494 admodum
881 2440 973 2494 essct
998 2437 1033 2492 et
1057 2449 1187 2514 prorsus
1210 2434 1358 2523 imbellis,

142 2597 147 2603 -
266 2551 393 2615 uomina
418 2558 542 2612 tantum
566 2549 737 2632 regnavit3
763 2568 800 2611 rc
823 2559 944 2636 autem,
969 2548 1272 2615 Abu-Muhammad
1286 2552 1356 2614 Lu-

265 2665 492 2752 lu·El-chir,
524 2665 708 2749 praefectus
735 2665 878 2753 militum,
915 2662 1174 2732 snit-uddaulae
1200 2666 1357 2749 quondam

264 2786 412 2873 satelles,
436 2805 591 2852 summam
616 2795 813 2870 potestatem
839 2786 951 2850 tenuit.
986 2776 1068 2874 Qui,
1095 2804 1189 2866 quum
1212 2786 1279 2849 acri
1300 2801 1355 2848 es-

264 2913 319 2968 sct
351 2907 455 2968 animo
486 2914 584 2987 atquc
616 2906 740 2987 imperii
774 2904 993 2986 avidissimus,
1029 2923 1142 2987 regem
1166 2903 1355 2966 imbecillum

190 3069 194 3078 ,
263 3017 359 3083 facilc
384 3019 426 3083 ad
446 3022 606 3082 arbitrium
639 3039 733 3084 suum
759 3019 856 3102 rexit,
892 3017 995 3097 eiquo,
1023 3017 1172 3098 tanquam
1198 3018 1230 3079 iu
1255 3017 1354 3078 obsc-

264 3133 330 3218 quii
353 3132 524 3212 vinculum,
549 3131 644 3194 filiam
669 3123 763 3194 suam
787 3132 819 3194 in
843 3131 1074 3195 matrimonium
1100 3132 1197 3196 dedit.

342 3266 437 3329 Hunc
460 3265 566 3347 ipsum
589 3266 875 3351 Saldllddaulam,
903 3270 1129 3356 qualiscunque
1154 3269 1281 3336 taudem
1299 3267 1353 3331 lu·-

202 3385 206 3393 '
264 3371 336 3469 crit,
371 3381 583 3462 compluribus
608 3383 778 3450 Abul-Ala
802 3365 1001 3452 carcrinibus'
1015 3369 1176 3473 laudauit3
1221 3406 1352 3470 quorum

251 3497 390 3581 ¹quidem
422 3504 700 3581 praestantissima
732 3502 795 3566 duo
822 3479 977 3588 ¹(lolius¹)
1010 3513 1044 3568 et
1065 3507 1161 3590 Sylv.
1196 3506 1236 3569 da
1261 3507 1352 3589 Sacy

263 3618 297 3680 in
322 3613 604 3682 Chresthomathia
636 3638 699 3684 sua
727 3623 791 3686 iam
823 3621 1050 3709 vulgaverunt.
1094 3621 1247 3688 Eiusdem
1279 3641 1350 3687 oum

175 3923 177 3930 .
265 3929 343 4104 B?
366 3940 461 4107 {226
469 3941 581 4008 Thon„
606 3945 735 4030 mspffiffi
752 3908 1001 4022 Grammaticam
1027 3950 1156 4018 adolio
1177 3951 1347 4038 admugit

293 4059 337 4103 a.
465 4088 472 4106 .
